1795 3218
700 171 1096 224 SCHOL'IA.
1525 162 1593 211 47

292 292 332 349 7,
367 293 420 336 20
452 292 823 350 Λυκοῦργον]
844 305 919 348 pro
937 291 1141 348 Lycophr.
1158 287 1319 345 p.30‚3
1344 285 1430 335 οὐκ
1455 284 1593 332 α’πεί-

206 377 289 418 ρως
317 366 431 422 ἔχων
460 363 547 408 τοῦ
578 362 746 419 λέγειν,
772 361 943 412 εἰωθώς
964 362 1012 406 δὲ
1028 356 1250 409 πολλάκις
1268 353 1595 416 ἀγωνίζεσθαι.

294 431 333 486 7,
365 429 421 474 13
451 432 675 488 ἐπιεικῆ]
706 432 822 474 Hanc
851 432 1027 474 formam
1056 430 1228 484 reduxi,
1263 428 1363 487 licet
1397 426 1588 468 librarius

204 499 444 554 significarit
488 499 567 544 sibi
611 501 787 557 ἐπιεικῆ
834 501 972 556 potius
1013 497 1278 542 scribendum
1325 495 1465 538 fuisse.
1537 494 1594 537 At

206 570 316 613 idem
358 571 402 612 iu
451 576 557 614 orat.
605 583 681 626 pro
730 570 934 626 Lycophr.
977 568 1056 626 28,
1103 568 1130 610 7
1174 574 1217 611 et
1257 565 1311 609 14
1352 571 1393 609 et
1439 565 1594 621 ἐπεικῆ

206 644 251 681 et
279 639 510 685 ἐπιείκειαν
537 641 691 685 intacta
731 641 917 697 reliquit,
957 646 1001 685 ut
1039 641 1080 683 in
1123 638 1350 694 archetypo
1394 637 1449 679 ita
1487 649 1591 691 rep-

204 709 366 763 perisse
398 716 607 766 appareat.
669 711 906 755 Cuiusmodi
935 711 1089 754 formas
1127 710 1209 752 fide
1246 709 1456 752 titulorum
1493 707 1591 749 vin-

208 778 359 822 dicavit
388 785 430 822 et
459 781 692 826 ἐπιείκειαν
720 782 871 824 Babrio
901 781 1111 824 redhibuit
1137 780 1187 822 A.
1215 778 1424 821 Nauckius
1453 776 1592 819 Philol.

205 850 289 892 vol.
320 850 349 905 1,
388 863 428 905 p.
459 850 558 894 356.
626 852 762 906 Pagus
792 852 954 895 Atticus
985 851 1169 894 similiter
1209 850 1279 892 vel
1314 844 1595 892 Ἐπιεικίδαι

205 918 273 961 vel
303 918 562 963 Ἐπεικίδαι
595 920 802 963 scribitur.

295 992 337 1050 8,
368 994 395 1036 6
426 996 913 1053 ἐνκατακλιθῆναι
944 1000 1024 1045 εἰς
1053 991 1115 1041 vd
1146 990 1317 1052 ἱερὸν]
1344 992 1595 1048 Amphiarai,

211 1062 323 1118 quod
356 1063 553 1117 templum
584 1070 675 1107 erat
708 1065 819 1109 haud
849 1066 995 1122 pracul
1013 1065 1165 1120 Oropo.
1226 1065 1289 1106 De
1310 1064 1479 1106 oraculo
1499 1062 1596 1105 vide

209 1145 319 1188 quae
349 1132 469 1176 affert
497 1134 757 1179 Hermannus
786 1135 955 1190 Antiqq.
986 1147 1094 1177 sacr.
1119 1132 1189 1188 41,
1221 1133 1358 1187 deque
1389 1133 1500 1175 omni
1528 1132 1598 1173 hi—

207 1204 334 1246 storia
363 1204 478 1246 urbis
510 1203 940 1265 περιμαχητοτάτης
972 1204 1320 1260 elegantissimam
1350 1202 1598 1258 disputatio-

211 1285 307 1315 nem
336 1273 380 1315 L.
413 1273 583 1316 Prelleri
607 1275 739 1317 nostri
783 1274 974 1329 „Oropos
1009 1274 1095 1316 und
1136 1273 1211 1316 das
1246 1273 1593 1328 Amphiaraeion“

210 1344 473 1400 inscriptam,
491 1357 610 1399 rquae
641 1350 705 1388 est
732 1345 775 1387 in
804 1345 951 1388 Relatt.
982 1344 1119 1398 philol.
1152 1349 1192 1386 et
1229 1343 1372 1388 histor.
1411 1342 1596 1386 societa-

212 1415 264 1456 tis
294 1414 464 1455 litterar.
496 1413 719 1468 Lipsiensis
748 1427 785 1456 a.
819 1412 933 1458 1852
962 1427 1003 1469 p.
1036 1412 1120 1456 140
1152 1426 1243 1468 sqq.

301 1488 343 1545 8,
376 1486 458 1531 ’7“
434 1508 457 1533 ο
488 1491 562 1548 τῷ
591 1487 740 1549 δήμῳ
768 1510 840 1537 απ
859 1491 1122 1550 αγγειλαι]
1153 1505 1193 1546 p.
1228 1490 1295 1546 17,
1326 1489 1380 1532 15
1427 1507 1464 1534 ει
1505 1490 1597 1545 μὲν

208 1552 296 1604 οὖν
324 1561 493 1610 ἔξωθεν
524 1559 609 1616 τῆς
639 1558 810 1611 πόλεως
839 1577 971 1613 τινας
1012 1556 1175 1620 ᾐτιᾶτο
1214 1561 1360 1612 εἶναι,
1397 1554 1503 1617 παρ’
1534 1550 1597 1603 ὧν

205 1645 263 1673 τα
309 1627 427 1685 δῶρα
469 1626 687 1687 εἰληφότα
733 1625 1037 1684 Εὐξένιππον
1082 1630 1467 1688 συναγωνίζεσθαι
1514 1624 1599 1673 αὖ·

207 1706 303 1746 τοῖς
335 1730 451 1750 .....
480 1700 574 1745 νῦν
617 1699 666 1744 δὲ
707 1696 1000 1756 ’'Aevvam-vc
1031 1700 1171 1757 φησιν
1214 1700 1355 1752 εἶναι,
1386 1715 1482 1755 παρ
1533 1691 1597 1741 ὧν

207 1764 292 1816 τοῖς
318 1764 481 1823 δωρεάς
513 1768 748 1825 εἰληφέναι
780 1766 965 1831 evirding

295 1842 336 1899 8,
367 1842 396 1885 8
425 1843 579 1887 τοῦτ’
610 1845 803 1900 εἰμὲν
826 1842 1259 1902 ὕπελοὶμβανες
1288 1840 1486 1902 ἀληθῆ
1517 1844 1596 1889 εἶ·

210 1930 239 1957 ν
257 1931 285 1958 α
304 1914 339 1968 ι]
372 1911 439 1958 Αἱ
459 1911 674 1970 δεύτεραι
710 1914 945 1971 φροντίδες
973 1915 1130 1957 librarii
1160 1911 1338 1970 ἀληθὲς
1377 1927 1594 1970 reponen-

209 1983 261 2026 tis
292 1979 348 2027 ου’
381 1978 645 2039 σοφώτεραι.
714 1982 833 2040 Fugit
872 1997 966 2027 eum
1005 1997 1107 2028 usus
1152 1985 1393 2041 exquisitior
1436 1984 1595 2027 formae

210 2050 386 2110 α’ληθῆ,
430 2065 553 2106 quem
592 2054 791 2108 exemplis
835 2055 1055 2098 Platonicis
1095 2056 1310 2097 illustravit
1349 2055 1593 2111 Kruegerus

209 2135 380 2179 gramm.
399 2134 462 2178 gr.
480 2121 549 2178 61,
568 2120 596 2164 8
618 2128 703 2166 not.
720 2122 761 2181 3,
791 2125 926 2179 qualia
954 2124 1061 2167 haec
1092 2129 1203 2168 sunt:
1252 2125 1394 2170 τοῦτο
1436 2124 1594 2183 ἀληθῆ

207 2193 352 2250 λέγεις
394 2196 435 2234 et
474 2193 613 2238 τοῦτο
655 2192 799 2243 δοκεῖς
844 2212 926 2251 μοι
972 2190 1131 2252 ἀληθῆ
1181 2194 1329 2250 λέγειν
1375 2200 1417 2237 et
1456 2196 1594 2239 τοῦτο

211 2261 431 2307 σκεπτέον
461 2264 503 2306 εἰ
536 2260 694 2319 α’ληθῆ
726 2263 851 2320 λέγω.
908 2263 1029 2308 Adde
1061 2277 1171 2319 quae
1202 2264 1284 2306 dixi
1304 2264 1355 2305 ad
1378 2264 1591 2318 Sophoclis

205 2331 372 2373 Philoct.
404 2328 502 2372 921.
564 2331 652 2373 Nec
682 2333 759 2375 ista
787 2338 925 2375 tamen
954 2335 1120 2388 propria
1158 2333 1335 2375 Platonis
1378 2339 1442 2376 est
1481 2346 1592 2375 con—

206 2400 404 2455 suetudo,
434 2398 510 2442 sed
540 2411 666 2453 saepe
696 2401 739 2441 in
772 2401 944 2444 aliorum
972 2402 1219 2456 scriptorum
1257 2401 1372 2445 libris
1409 2403 1477 2445 vel
1507 2403 1591 2445 ob-

207 2473 374 2512 scurata
414 2483 438 2513 a
474 2469 650 2513 librariis
686 2471 754 2513 vel
798 2472 849 2514 ab
891 2472 1115 2515 editoribus
1159 2478 1310 2528 spreta.
1383 2473 1519 2517 Veluti
1549 2476 1591 2517 in

206 2539 394 2582 oratione
431 2540 693 2597 Hegesippea
732 2541 785 2585 de
821 2542 1029 2588 Haloneso
1069 2543 1126 2587 43
1171 2557 1210 2599 p.
1242 2543 1301 2587 87
1342 2545 1589 2588 Turicenses

208 2609 372 2652 demum
401 2612 562 2654 auctori
580 2624 668 2667 ‚suo
698 2612 968 2656 reddiderunt
1014 2614 1127 2670 quod
1172 2614 1214 2655 in
1251 2627 1335 2657 uno
1365 2614 1407 2655 Σ
1436 2628 1588 2659 serva-

206 2685 291 2722 tum
323 2683 437 2724 extat
465 2679 601 2726 τοῦτό
623 2683 664 2740 y’
696 2677 849 2741 ἀληθῆ
879 2683 1104 2741 λέγουσιν,
1133 2683 1245 2739 quod
1276 2696 1331 2727 ne
1361 2697 1471 2727 nunc
1493 2686 1591 2740 qui-
