1795 3218
712 271 1093 317 SCHOLI'A.
1521 266 1586 316 41

206 391 325 435 affert
353 392 514 436 Isaeum
535 392 587 434 de
603 392 781 436 Nicostr.
796 392 853 436 28
883 389 1169 449 ἅπογραφεὶς
1198 394 1265 442 εἷς
1296 390 1382 449 τήν
1411 392 1589 450 βουλὴν

204 463 466 520 κακουργῶν
492 457 741 521 ’ὑποχωρῶν
770 460 906 522 ᾤχετο
938 463 1009 508 καὶ
1042 455 1120 520 οὐχ
1147 455 1419 517 ὑπήκουσεν.

294 531 334 588 4,
367 530 388 573 1
424 531 836 586 καταγέλαστον
866 532 1032 587 ἐστίν]
1075 531 1164 573 Hoc
1203 532 1430 589 vocabule,
1475 537 1587 590 quod

207 604 354 657 sciam,
386 601 566 643 abstinet
595 600 924 644 Demosthenes:
958 601 1033 644 sed
1063 602 1106 641 in
1138 602 1331 642 oratione
1369 605 1469 658 περὶ
1498 606 1588 647 τῶν

206 667 320 727 πρὸς
348 668 652 727 Ἀλέξανδρον
685 671 943 726 συνθηκῶν,
973 682 1097 725 quam
1127 669 1292 724 quidam
1323 671 1515 716 rhetores
1547 680 1589 717 et

205 741 462 795 grammatici
500 739 697 795 Hyperidi
733 740 962 796 vindicant,
1006 741 1069 783 bis
1111 742 1307 783 recurrit:
1350 741 1388 796 7,
1428 755 1466 797 p.
1503 743 1588 786 213

204 810 539 867 καταγέλαστος
575 806 599 855 ὁ
630 807 763 868 λόγος
792 816 836 870 et
868 810 934 868 15,
965 825 1003 867 p.
1037 809 1121 854 215
1162 806 1216 857 τὸ
1254 811 1302 857 δὲ
1334 813 1588 870 καταγελα-

202 895 440 925 οτοτατον.

292 950 348 993 ib.
380 949 710 1008 Διογνίδης]
742 950 781 992 h.
802 963 844 993 e.
863 950 1153 1007 Διογενίδης,
1181 954 1227 991 ut
1253 945 1589 1005 Ἀντιγενίὸης.

206 1021 353 1063 Forma
382 1032 557 1076 prorsus
589 1032 700 1062 nova
730 1026 773 1062 et
803 1021 921 1073 cuius
950 1020 1096 1062 similia
1138 1019 1327 1072 exempla
1370 1030 1453 1060 non
1495 1026 1592 1061 sunt

208 1092 251 1133 in
278 1096 493 1147 promptu,
535 1090 616 1133 nisi
663 1091 755 1146 quis
800 1090 993 1149 Θέογνις
1033 1101 1184 1132 nomen
1225 1089 1497 1144 comparabit,
1540 1089 1592 1131 de

208 1173 292 1216 quo
308 1173 442 1216 nuper
457 1160 559 1203 dixit
573 1160 808 1203 Lobeckius
822 1159 975 1202 Pathol.
993 1159 1023 1214 I,
1038 1159 1137 1201 326.
1188 1159 1385 1202 Vitiosam
1404 1160 1589 1213 scriptu-

204 1243 293 1272 ram
324 1241 411 1273 non
440 1230 712 1283 crediderim3
743 1242 897 1273 nomen
928 1229 1036 1271 idem
1068 1240 1235 1283 passum
1256 1234 1321 1272 est
1349 1229 1460 1282 quod
1484 1242 1592 1283 quae

205 1301 247 1341 in
277 1315 445 1355 γνητος
473 1300 757 1342 terminantur.

293 1368 333 1424 4,
364 1368 392 1410 3
422 1365 451 1425 ἢ
471 1367 496 1412 ὅ
515 1367 687 1425 νόμος
714 1362 946 1421 κελεύει]
972 1367 1089 1415 Quae
1109 1366 1177 1408 lex
1201 1366 1402 1410 indicetur
1424 1370 1588 1423 ignoro.

295 1438 335 1494 4,
366 1437 393 1480 4
423 1437 789 1495 Ἀγασικλῆς]
838 1436 1039 1491 Harpocr.
1087 1449 1120 1479 s.
1151 1450 1189 1478 v.
1224 1437 1355 1479 attulit
1384 1437 1443 1479 B.-
1489 1440 1591 1492 περὶ

208 1505 531 1564 Ἀγασικλέους
551 1505 817 1564 ’Υπερείδης
844 1507 975 1563 λέγει.
997 1506 1248 1563 γέγραπται
1278 1509 1350 1552 καὶ
1367 1505 1593 1565 Δεινάρχῳ

208 1578 344 1636 λόγος
373 1575 472 1622 κατ’
502 1574 669 1628 αὐτοῦ,
704 1580 756 1620 ἐν
797 1568 830 1634 ᾧ
878 1573 1117 1631 δεδήλωται
1149 1573 1219 1620 ὅτι
1262 1573 1592 1631 Ἁλιμουσίους

208 1647 479 1694 συνεὸέκασε
509 1646 584 1690 καὶ
615 1641 689 1689 δια
721 1647 862 1690 τοῦτο
896 1644 1021 1696 ξένος
1062 1641 1124 1689 ὧν
1156 1646 1211 1704 τῇ
1256 1646 1462 1698 πολιτείᾳ
1493 1647 1590 1689 ἐνε-

206 1713 375 1773 γράφη.
448 1714 552 1757 Vide
602 1714 824 1769 Sauppium
869 1714 921 1754 ad
964 1713 1159 1756 Dinarchi
1204 1718 1307 1755 orat.
1352 1713 1454 1755 XVI.
1497 1710 1592 1756 κατ’

204 1780 528 1841 Ἀγασικλέους
559 1785 815 1840 εἰσαγγελία
842 1796 881 1837 p.
908 1782 1010 1825 331.
1083 1784 1202 1825 Nunc
1237 1782 1447 1837 'Sauppius
1486 1794 1590 1825 sen-

203 1855 372 1897 tentiam
401 1866 517 1898 suam
546 1853 768 1908 paullulum
797 1853 1036 1895 immutabit.

295 1930 335 1986 4,
366 1930 393 1973 6
438 1923 502 1975 ὧν
539 1955 595 1961 -
634 1923 825 1984 τούτων]
870 1928 963 1972 Noli
1006 1925 1183 1974 τούτων
1227 1941 1251 1970 a
1295 1940 1390 1970 voc,
1435 1929 1591 1973 αἰτιῶν

205 2000 476 2055 suspendere,
508 1999 621 2054 quod
647 1998 800 2041 illatum
834 2004 898 2041 est
926 2005 1022 2053 post
1045 1999 1261 2041 relativum
1283 2003 1328 2040 ut
1352 1998 1395 2039 in
1417 1997 1466 2040 iis
1488 1998 1593 2040 locis

206 2085 315 2126 quae
346 2071 472 2113 habet
501 2070 762 2112 Hermannus
793 2069 845 2111 ad
876 2064 1092 2125 Sophoclis
1122 2069 1289 2111 Philoct.
1334 2066 1432 2123 315,
1473 2069 1591 2121 quasi

205 2154 288 2185 non
319 2133 381 2185 ὧν
413 2140 488 2183 sed
518 2139 595 2184 καί
623 2140 910 2193 praecederet.

295 2218 337 2274 4,
368 2216 422 2260 10
455 2217 583 2272 πρὶν
615 2211 749 2260 αὐτὸ
792 2211 849 2259 ‘td
896 2210 1195 2270 κεφάλαιον
1227 2243 1237 2254 .
1264 2245 1275 2256 .
1302 2247 1312 2257 .
1345 2212 1593 2266 ἐξετάσω-

207 2290 315 2345 σιν]
346 2288 443 2330 Mihi
462 2288 570 2343 πρὶν
594 2282 663 2330 ἂν
681 2286 899 2340 scripsisse
928 2290 1073 2328 orator
1094 2283 1269 2326 videtur.
1330 2284 1423 2327 Non
1444 2284 1593 2338 ignoro

210 2359 397 2415 quidem,
442 2356 654 2410 hodieque
696 2368 793 2398 esse
841 2355 912 2410 qui
957 2355 998 2396 in
1043 2353 1165 2397 huius
1210 2353 1319 2395 modi
1364 2353 1591 2395 enunciatis

208 2430 321 2484 πρίν
352 2440 443 2469 cum
476 2426 602 2468 modo
635 2427 921 2480 coniunctivo,
954 2425 1064 2479 quod
1088 2426 1128 2465 in
1162 2424 1401 2465 sublimiore
1432 2435 1592 2477 genere

207 2498 373 2540 dicendi
403 2497 592 2541 usitatum
625 2501 708 2550 est,
739 2497 859 2537 etiam
876 2495 986 2550 apud
1011 2495 1232 2548 Platonem,
1254 2492 1591 2548 Xenophontem,

206 2573 399 2610 oratores
428 2566 588 2609 Atticos
629 2571 671 2607 et
710 2564 1031 2619 Aristophanem
1072 2564 1140 2605 vel
1175 2563 1394 2605 ferendum
1433 2564 1501 2605 vel
1541 2577 1596 2605 ex

204 2636 395 2680 codicum
426 2636 671 2685 auctoritate
706 2634 991 2688 recipiendum
1031 2639 1251 2689 censeant,
1293 2635 1420 2677 veluti
1461 2647 1594 2688 nuper

204 2710 245 2750 in
275 2706 464 2761 Xenoph.
495 2706 626 2749 Anab.
658 2706 704 2761 V,
737 2704 775 2759 7,
810 2703 863 2746 12
895 2700 962 2761 μή
994 2700 1257 2759 ἀπέλθητε,
1304 2705 1417 2759 πρὶν
1449 2700 1593 2747 olnod-

206 2796 311 2837 σητε
342 2777 494 2821 editum
518 2784 595 2833 est,
626 2777 700 2821 cfr.
721 2775 991 2820 Fritzschium
1014 2775 1065 2819 ad
1088 2775 1190 2817 Ran.
1211 2771 1317 2815 1281
1345 2777 1388 2814 et
1407 2771 1593 2815 Baeum-

1180 2851 1206 2892 6
