1795 3218
215 226 283 277 70
717 229 1138 280 scnoLl-A.‘

211 353 409 411 γόμενος
438 353 536 397 licet
565 352 713 397 ductus
744 355 927 413 codicis,
946 356 992 400 iu
1020 369 1105 413 quo
1136 368 1240 402 sane
1268 370 1468 413 ramme
1508 355 1608 399 satis

212 424 326 467 clare
358 430 491 480 extat,
519 424 754 468 lenocinari
782 426 1016 483 videantur,
1046 440 1117 471 res
1135 428 1226 483 ipsa
1252 429 1473 481 repugnat.
1504 423 1607 468 Nam

211 494 402 550 profecto
447 495 640 538 homines
662 497 861 555 *omnium
909 503 993 541 tum
1040 498 1297 546 Graecorum
1343 495 1610 538 valentissimi

212 564 369 608 viribus
399 578 487 610 non
518 571 638 609 erant
668 563 897 628 ἀπαγωγῇ.
926 569 1066 625 usuri,
1110 569 1271 612 etiamsi
1300 580 1377 625 per
1405 566 1526 622 leges
1555 565 1609 607 li-

211 640 346 690 ceret,
377 636 454 678 sed
484 637 636 680 facturi
667 638 780 692 quod
803 644 894 680 erat
916 639 1122 696 ipsorum,
1153 635 1407 699 ἇπάγχεινι
1436 639 1611 685 tractant

210 702 375 747 fabrilia
406 705 525 749 fabri.
585 706 642 749 lta
675 719 781 762 ergo
814 708 982 763 scripsi:
1025 721 1119 751 nam
1160 706 1465 765 ’πνι]γόμενος
1505 708 1608 751 bre-

211 773 303 814 vius
341 779 404 816 est
444 787 567 829 quam
614 789 690 830 pro
738 777 895 831 spatio,
943 773 1356 833 οἷποπιιι]γόμενος.
1384 777 1608 831 paullulum

212 844 398 887 excurrit
427 844 609 901 longius.
684 845 806 888 Nunc
836 846 1002 889 demum
1033 848 1227 902 congruit
1257 846 1370 902 quod
1400 846 1607 901 sequitur:

210 912 280 963 τίς
310 909 401 970 γᾶρ
431 911 492 957 ἄν
521 909 735 973 ἠνέσχετο
768 944 780 957 .
814 945 826 957 .
859 949 871 960 .
905 948 916 959 .
949 916 1023 960 καὶ
1067 911 1153 962 ov’x
1194 913 1253 960 ἄν
1294 915 1607 960 α’πὲκτεινε

209 979 293 1028 τὸν
324 984 544 1041 λέγοντας
590 986 681 1028 sive
724 986 785 1029 sic
816 986 979 1042 scripsit
1006 991 1152 1029 auctor
1183 987 1272 1030 sive
1304 982 1549 1042 ἀπέσφαξε.

299 1084 368 1139 25,
403 1083 458 1126 13
492 1086 577 1130 καὶ
609 1086 850 1142 μιαρῶν]
883 1084 1031 1129 Codex
1061 1086 1239 1130 dilucide
1268 1087 1463 1145 μικρῶιζ,
1494 1085 1605 1141 quod

210 1155 419 1197 sententia
449 1157 629 1211 respuit,
661 1169 770 1210 quae
800 1156 907 1199 haec
941 1161 1025 1199 est:
1062 1162 1163 1210 post
1190 1156 1266 1198 illa
1297 1161 1381 1198 tam
1406 1155 1537 1209 foeda
1567 1161 1610 1197 et

209 1225 471 1279 impudenter
509 1226 623 1267 dicta
664 1226 917 1281 Charippum
946 1227 1194 1267 sustinuisse
1224 1227 1347 1268 istam
1374 1227 1606 1267 muliercu-

210 1296 293 1337 lam
324 1297 478 1338 ducere
508 1298 715 1339 uxorem!

297 1386 368 1442 25,
401 1385 456 1430 19
483 1385 781 1444 Ἡρακλῆς]
812 1387 854 1432 Si
883 1399 1049 1430 manum
1081 1388 1262 1430 auctoris
1291 1392 1509 1431 assecutus
1543 1392 1608 1430 est

208 1457 436 1514 Babingto,
468 1462 608 1500 orator
638 1458 760 1514 dicit,
792 1460 999 1501 neminem
1045 1470 1184 1513 neque
1225 1458 1427 1513 furiosum
1467 1457 1607 1499 homi-

209 1540 305 1570 nem
352 1540 494 1583 neque
539 1527 697 1571 fatuum
745 1516 828 1571 tale
873 1529 1036 1571 facinus
1067 1528 1274 1571 facturum
1304 1528 1447 1572 fuisse.
1526 1527 1607 1571 Sed

208 1598 410 1654 Margitae
457 1599 649 1654 exemplo
699 1612 793 1642 cum
840 1611 1148 1656 saepenumero
1200 1603 1367 1642 utantur
1427 1604 1609 1660 veteres,

209 1668 400 1711 Herculis
430 1669 591 1712 insania
622 1682 706 1712 non
736 1672 813 1726 ita,
847 1671 960 1725 quod
991 1670 1274 1727 meminerim,
1302 1671 1343 1711 in
1378 1675 1610 1713 consuetu-

209 1739 346 1782 dinem
377 1739 487 1782 abiit.
549 1739 795 1795 Quanquam
833 1740 1079 1784 Herodorus
1111 1740 1176 1783 bis
1206 1741 1426 1783 insaniisse
1455 1752 1608 1783 narra-

210 1811 283 1866 vit,
314 1810 491 1865 primum
520 1816 616 1865 post
647 1810 819 1853 caedem
849 1811 1095 1866 liberorum,
1129 1823 1212 1866 quo
1243 1811 1424 1865 pertinet
1451 1807 1607 1867 ‘Hon-

208 1880 314 1936 κλῆς
335 1876 359 1924 ὁ
377 1879 666 1937 μαινόμενος
695 1882 967 1939 tragicorum,
998 1887 1083 1924 tum
1111 1886 1205 1936 post
1231 1881 1362 1937 Iphiti,
1393 1894 1432 1924 v.
1463 1880 1611 1924 scholl.

209 1951 321 1993 Pind.
367 1950 507 1995 Isthm.
549 1950 589 2008 4,
638 1950 722 1994 104
770 1958 811 1995 et
850 1952 1054 2007 Heynium
1100 1952 1152 1993 ad
1193 1951 1384 2006 Apollod.
1426 1964 1466 2005 p.
1513 1948 1609 1993 139.

207 2021 327 2078 Mihi,
357 2022 425 2064 cui
454 2033 541 2065 non
572 2035 654 2065 una
687 2022 740 2066 de
770 2033 922 2065 caussa
952 2021 1141 2064 Herculis
1171 2032 1265 2063 cum
1294 2020 1470 2076 Margite
1501 2032 1609 2075 con-

212 2093 384 2137 sortium
415 2092 630 2150 displicet,
678 2092 776 2148 quid
806 2097 945 2135 tamen
976 2091 1151 2134 nominis
1187 2090 1314 2134 lateat
1345 2092 1428 2133 non
1460 2091 1609 2147 liquet:

209 2182 238 2219 η
268 2165 399 2219 possit
427 2161 456 2219 ἢ
489 2177 608 2220 esse,
657 2177 810 2207 nomen
852 2170 990 2207 autem
1022 2182 1047 2220 ρ
1075 2164 1251 2207 litteram
1289 2164 1331 2205 in
1361 2163 1497 2206 fronte
1528 2163 1609 2204 ha-

208 2235 366 2278 buisse.
428 2234 674 2290 Quanquam
705 2247 759 2278 ne
791 2234 843 2278 de
876 2251 901 2291 ρ
935 2233 1100 2291 quidem
1133 2233 1390 2290 exploratum
1422 2237 1487 2276 est
1511 2231 1610 2274 fue-

208 2306 316 2347 ritne
347 2305 389 2346 in
422 2304 589 2361 codice,
621 2317 715 2346 cum
745 2305 959 2359 pertenuis
990 2304 1138 2345 ductus
1169 2303 1361 2358 supersit.
1438 2302 1545 2352 Quid
1576 2304 1611 2345 si

208 2377 331 2424 Αἴας
360 2374 520 2418 fuerit?
576 2373 699 2418 Certe
730 2374 948 2431 spatiolum
978 2384 1131 2417 versus
1173 2372 1269 2416 huic
1309 2373 1446 2429 potius
1486 2384 1608 2428 quam

209 2447 377 2490 Herculi
405 2447 531 2491 favet.

300 2534 373 2590 26,
405 2533 426 2576 1
459 2528 554 2577 ’Aa
568 2527 603 2577 λ’
636 2532 793 2589 οἶμαι
824 2531 952 2588 κτλ]
986 2531 1142 2575 Horum
1174 2531 1297 2586 plane
1328 2528 1492 2585 gemina
1515 2535 1610 2575 sunt

213 2608 253 2648 in
286 2609 391 2647 orat.
423 2603 696 2659 Euxenippea
728 2604 804 2646 col.
838 2602 891 2646 41
926 2617 965 2658 p.
1001 2601 1068 2645 14.

301 2691 370 2744 26,
404 2690 431 2733 3
476 2685 571 2733 διά
619 2687 676 2733 τὸ
719 2683 1040 2734 ἀκίνδυνον
1085 2685 1280 2736 αὐτοῖς
1320 2685 1468 2733 εἶναι
1506 2682 1608 2731 τὸν

215 2759 415 2818 οέγῶνα]
448 2761 592 2805 Pollux
623 2760 663 2815 8,
695 2761 750 2803 52
783 2756 851 2805 ὅτι
886 2755 910 2804 ὅ
938 2759 1221 2818 εἰσαγγείλας
1262 2757 1332 2804 καὶ
1375 2754 1460 2815 οὐχ
1498 2751 1609 2802 ἑλῶν
