1795 3218
193 240 262 287 44
696 245 1082 289 SCHOLlA.

193 365 313 421 τῶν]
346 364 448 408 Mira
480 366 679 421 syntaxis.
741 367 822 411 Sed
855 380 1054 423 compara
1088 375 1126 423 p.
1147 367 1187 423 5,
1207 366 1234 410 6
1268 367 1342 411 ἐπὶ
1370 369 1462 412 τῶν
1486 366 1585 412 οἱδι-

194 434 414 491 κημάτων
456 469 465 479 .
501 469 511 479 .
544 470 554 479 .
587 469 597 478 .
631 435 898 495 δικαστήρια
941 434 997 482 τὰ
1042 434 1334 495 προσήκοντα
1377 436 1586 488 ἑκάστοις

196 500 347 549 αὐτῶν
379 500 587 550 ἀπέδοτε.

283 577 323 634 5,
343 578 371 620 2
402 575 669 636 γράφεται
700 574 888 637 ἆσεβεί
897 579 975 635 ας]
1004 578 1262 635 comparatis
1277 577 1448 633 reliquis
1463 572 1586 620 clau-

194 648 294 689 sulis
325 648 528 703 Babingto
558 650 767 693 admonuit
797 650 850 692 de
881 650 1131 705 corruptela.
1200 649 1283 693 Sed
1325 648 1439 704 quod
1479 660 1584 690 ver-

193 717 292 759 bum
324 717 374 760 ad
405 719 605 775 γραφαί,
628 718 737 773 quod
769 718 908 775 edidit,
935 718 1141 762 excidisse
1157 724 1284 774 putat,
1306 730 1451 772 parum
1481 729 1585 773 pro-

193 788 330 830 babile
356 794 431 830 est.
475 789 563 831 Nec
587 801 757 844 possum
775 789 953 831 credere
974 788 1105 832 semel
1129 793 1340 831 oratorem
1368 788 1587 842 scripsisse

193 859 364 913 γραφαὶ
406 856 621 915 οὶσεβείας
672 859 863 914 suppleto
901 858 1034 901 verbo
1068 858 1309 915 γίγνονται
1350 857 1418 900 vel
1455 857 1587 902 εἰσίν.

193 927 297 968 Nam
329 933 370 970 et
397 928 516 972 locus
546 929 744 983 placidior
774 934 839 972 est
869 934 911 971 et
942 927 1167 983 aequalitas
1186 928 1467 970 membrorum
1490 931 1585 984 tur-7

193 998 315 1040 batur
347 1004 389 1042 et
419 1000 567 1054 plurali
594 1001 666 1042 vix
704 1001 824 1043 locus
865 1004 941 1042 est.
973 1022 1026 1029 -
1100 998 1243 1041 Pollux
1281 997 1322 1054 8,
1362 997 1420 1041 90
1463 996 1587 1042 δίκαι

196 1065 310 1124 πρὸς
357 1067 441 1114 τὸν
479 1070 675 1128 βασιλέα
715 1068 1025 1129 λαγχάνονται
1068 1066 1307 1127 ἀσεβείας,
1346 1063 1588 1126 ἱερωσύνης

195 1134 595 1196 ἀμφισβητήσεως.

284 1215 324 1271 5,
357 1215 383 1257 3
424 1213 448 1259 ὁ
480 1214 666 1276 ἅρχων]
708 1217 851 1260 Pollux
887 1216 928 1273 8,
968 1216 1026 1260 89
1070 1217 1189 1263 δίκαι
1232 1211 1346 1272 πρὸς
1382 1214 1467 1259 τὸν
1504 1211 1581 1270 ἄρ-

193 1300 336 1343 χοντα
369 1283 673 1344 λαγχάνονται
706 1284 962 1339 κακώσεως,
993 1285 1255 1342 παρανοίας
1287 1285 1381 1329 κτλ.

284 1362 325 1416 5,
359 1360 398 1403 4.
430 1363 799 1416 θεσμοθετῶν
830 1361 1117 1419 συνέδριον
1161 1349 1331 1416 ἔστιν]
1370 1359 1516 1403 Pollux
1545 1359 1586 1416 8,

196 1430 252 1472 87
294 1434 337 1475 οἱ
378 1433 673 1487 θεσμοθέται
716 1429 800 1481 τοὶς
838 1428 1075 1488 προβολάς
1121 1429 1350 1488 εἰσάγουσι
1383 1430 1465 1485 7καὶ
1506 1428 1589 1479 τοῖς

195 1503 285 1547 τῶν
317 1498 605 1557 παρανόμων
631 1500 827 1559 γραφάς.

284 1580 324 1633 5,
357 1579 382 1620 5
417 1574 552 1637 ἁρχὴ
583 1580 688 1625 τῶν
719 1581 931 1636 ἕνδεκα]
963 1579 1269 1622 Demosthenes
1285 1579 1458 1621 Timocr.
1488 1577 1584 1633 113,

195 1663 233 1703 p.
268 1647 352 1690 73'5
392 1648 416 1692 ὁ
450 1645 605 1692 Σόλων
645 1648 796 1706 νόμον
837 1647 1114 1707 εἰσήνεγκεν,
1153 1652 1195 1694 εἶ
1236 1650 1325 1705 μέν
1367 1664 1437 1697 τις
1473 1642 1584 1704 μεθ’

194 1715 375 1773 ἡμέραν
406 1713 527 1773 ὑπὲρ
558 1716 851 1773 πεντήκοντα,
882 1716 1089 1778 δραχμάς
1110 1719 1315 1769 κλέπτοι,
1337 1711 1587 1775 ἇπαγωγῆν

196 1785 309 1845 πρὸς
340 1784 450 1836 τούς
470 1783 610 1832 ἕνδεκ’
630 1788 772 1833 εἶναι·
796 1792 837 1834 εἰ
854 1788 901 1833 δέ
925 1805 994 1838 τις
1013 1787 1190 1844 νύκτωρ
1207 1786 1368 1833 ὁτιοῦν
1384 1786 1588 1838 κλέπτοι,

196 1859 364 1902 τοῦτον
404 1860 563 1909 ἐξεῖναι
612 1857 686 1901 καὶ
735 1853 1004 1903 α’ποκτεῐναι
1048 1859 1120 1902 καὶ
1164 1858 1327 1913 τρῶσαι
1369 1852 1588 1900 διώκοντα

198 1928 271 1971 καὶ
305 1922 557 1983 ἀπαγαγεῖν
589 1935 680 1975 τοῖς
711 1922 867 1978 ἕνδεκ’,
898 1929 938 1970 εἰ
967 1925 1204 1982 βούλοιτο.
1262 1926 1327 1968 Ad
1349 1926 1586 1969 universam

197 1996 571 2039 conformationem
604 1995 755 2038 horum
780 1997 1095 2038 enunciatorum
1114 2008 1309 2049 compara
1332 1996 1586 2039 Demosthe-

195 2069 259 2108 nis
296 2067 554 2121 potissimum
594 2066 735 2107 locum
779 2066 831 2108 de
873 2077 961 2108 cor.
1009 2063 1095 2107 274
1137 2079 1175 2120 p.
1207 2063 1293 2108 317
1334 2064 1460 2123 παρα
1498 2069 1588 2121 μὲν

195 2137 357 2181 τοίνυν
388 2144 482 2184 τοῖς
514 2133 667 2183 ἄλλοις
697 2132 824 2193 ἔγωγ’
867 2134 952 2191 ὁρῶ
995 2135 1137 2179 πᾶσιν
1177 2131 1441 2192 ἀνθρώποις
1486 2135 1589 2179 διω-

200 2206 390 2262 ρισμένα
424 2205 498 2250 καὶ
540 2206 798 2263 τεταγμένα
839 2222 934 2255 πως
979 2201 1036 2249 τοὶ
1080 2206 1292 2251 τοιαῦτα.
1330 2203 1475 2250 α’δικεῖ
1517 2222 1589 2256 τις

195 2273 326 2327 ἑκών,
356 2271 494 2332 ὀργὴν
525 2276 597 2318 καὶ
628 2276 850 2331 τιμωρίαν
882 2270 998 2319 κατα
1038 2275 1221 2320 τούτου.
1260 2273 1482 2332 ἐξήμαρτέ
1521 2292 1591 2326 τις

196 2343 334 2397 ἄκων,
363 2343 640 2402 συγγνώμην
675 2341 778 2388 ἀντὶ
810 2344 891 2400 τῆς
921 2344 1141 2400 τιμωρίας
1168 2340 1325 2403 τούτῳ.
1354 2339 1453 2391 οὔτ’
1484 2339 1589 2390 οἷδι-

195 2416 286 2458 κῶν
315 2432 386 2464 τις
417 2411 512 2458 οὔτ’
538 2411 883 2470 ἐξαμαρτάνων,
913 2416 978 2463 εἰς
1000 2410 1056 2458 τοὶ
1082 2414 1194 2458 πᾶσι
1215 2413 1439 2460 δοκοῦντα
1470 2431 1588 2471 συμ-

196 2483 349 2540 φέρειν
376 2480 540 2529 ἑαυτὸν
574 2481 678 2532 δούς
709 2483 767 2529 οὐ
800 2482 1069 2541 κατώρθωσε
1098 2482 1212 2541 μεθ’
1242 2481 1480 2537 ἁπάντων,
1506 2481 1588 2529 οὐκ

194 2548 432 2608 ὀνειδίζειν
462 2550 570 2598 οὐδὲ
604 2554 911 2609 λοιδορεῖσθαι
943 2555 1005 2612 τῷ
1027 2551 1215 2612 τοιούτῳ
1245 2553 1442 2608 δίκαιον,
1471 2550 1584 2600 ἄλλά

197 2618 539 2681 συνάχθεσθαι.
598 2623 688 2665 Alia
718 2623 935 2668 Dissenius
966 2638 1004 2679 p.
1037 2622 1135 2679 234,
1175 2638 1229 2667 ex
1274 2624 1422 2677 quibus
1458 2637 1586 2667 unum

195 2692 401 2734 ascribam
431 2691 570 2734 locum
590 2697 692 2736 orat.
719 2697 862 2736 contra
881 2693 1057 2737 Androt.
1083 2694 1139 2736 26
1157 2707 1194 2749 p.
1213 2691 1294 2736 601
1328 2695 1460 2738 nostri
1481 2706 1585 2749 per—

195 2762 365 2804 similem
385 2763 452 2805 vel
472 2763 523 2805 ab
543 2769 811 2819 argumento:
843 2768 1029 2822 ἔρρωσαι
1067 2765 1137 2809 καὶ
1167 2767 1314 2824 σαυτῷ
1340 2760 1585 2814 πιστεύεις·
