1795 3218
245 784 342 827 Post
377 796 556 840 pugnam
597 783 939 828 Chaeronensem
984 792 1077 822 cum
1122 779 1327 833 Philippus
1367 778 1542 820 Macedo

157 854 342 911 Oropum
373 857 518 900 urbem
547 867 641 899 cum
673 867 778 912 agro
812 865 891 899 suo
908 887 919 910 ,
952 865 1060 908 quae
1091 852 1215 907 urbs,
1245 856 1291 894 ut
1308 851 1363 894 ait
1380 851 1544 906 Strabo,

156 928 206 967 ἐν
234 921 628 983 ἀμφισβητησίμῳ
657 925 893 981 ἐγεγένητο
924 918 1144 969 πολλάκις
1174 921 1282 963 inter
1322 921 1544 963 Thebanos

157 996 413 1049 potissimum
443 1002 485 1038 et
512 995 814 1048 Athenienses,
852 992 930 1035 illis
959 983 1201 1044 ‘ademptam
1232 990 1296 1033 his
1327 991 1546 1032 adiudica-

158 1065 310 1120 visset,
355 1064 506 1106 factum
537 1063 679 1119 populi
722 1063 872 1106 scitum
914 1065 999 1116 est,
1041 1059 1187 1101 decem
1229 1060 1361 1102 tribus
1401 1072 1548 1115 agrum

158 1134 268 1176 illum
308 1135 367 1177 ita
405 1134 515 1176 inter
553 1145 600 1176 se
642 1134 912 1191 sortirentur,
951 1135 997 1172 ut
1031 1129 1154 1171 binae
1195 1129 1384 1184 singulos
1430 1135 1548 1173 sorte

160 1204 310 1247 ductos
353 1203 643 1258 possiderent:
689 1214 794 1257 ager
837 1201 946 1244 enim
991 1199 1177 1254 quinque
1215 1198 1380 1241 videtur
1418 1200 1550 1244 colles

159 1275 401 1329 complexus
431 1274 574 1317 fuisse.
632 1273 729 1315 Illae
761 1273 937 1316 sortitae
961 1276 1068 1313 sunt.
1119 1271 1213 1313 ·Sed
1243 1271 1279 1313 is
1310 1272 1445 1328 collis,
1479 1274 1551 1327 qui

161 1345 349 1388 tribubus
378 1339 638 1387 Acamantidi
670 1349 712 1386 et
740 1341 1086 1397 Hippothoontidi
1116 1341 1344 1397 obtigerat,
1386 1343 1429 1384 in
1458 1342 1548 1385 dis-

161 1415 439 1469 ceptationem
468 1415 583 1456 venit
614 1418 780 1457 essetne
808 1413 901 1454 iure
933 1399 1177 1466 occupatus.
1223 1411 1410 1454 Fuerunt
1441 1414 1550 1455 enim

163 1486 233 1538 qui
260 1485 372 1526 illum
403 1484 485 1526 deo
517 1483 767 1538 Amphiarao
807 1482 1040 1524 dedicatum
1083 1481 1360 1524 defenderent
1404 1479 1552 1525 contra

162 1553 226 1596 fas
256 1567 279 1595 a
311 1554 499 1596 tribubus
528 1555 675 1595 teneri.
749 1551 865 1601 Quae
904 1552 1181 1594 dubitationes
1222 1557 1266 1593 ut
1303 1553 1551 1595 tollerentur

163 1623 441 1677 religionique
472 1623 690 1666 satisfieret
720 1621 898 1679 populus
942 1621 1024 1662 civi
1066 1620 1230 1662 cuidam
1265 1633 1362 1676 suo,
1402 1622 1550 1663 Euxe-

164 1693 308 1748 nippo,
339 1693 431 1735 viro
461 1693 641 1735 honesto
675 1692 800 1746 eique
831 1690 944 1732 diviti
967 1695 1008 1732 et
1030 1695 1116 1732 tum
1138 1695 1273 1732 aetate
1295 1693 1554 1744 provectiori

162 1763 245 1805 hoc
276 1764 434 1818 negotii
465 1764 595 1818 dedit,
628 1767 674 1804 ut
704 1774 799 1803 cum
831 1761 993 1803 duobus
1021 1761 1108 1803 aliis
1131 1761 1173 1802 in
1196 1760 1296 1802 fano
1314 1760 1554 1815 Amphiarai

164 1833 401 1889 incubaret,
446 1834 481 1876 si
522 1832 620 1887 quid
658 1843 736 1885 per
773 1842 962 1874 somnum
1004 1829 1230 1872 offerretur
1273 1830 1427 1886 visum,
1468 1842 1551 1885 quo

165 1904 268 1946 deus
299 1897 388 1958 ipse
419 1905 598 1958 aperiret
629 1902 727 1956 quid
755 1901 820 1943 rei
848 1905 973 1943 esset.
1047 1900 1265 1943 Profectus
1305 1907 1369 1944 est
1406 1901 1551 1943 Euxe-

164 1976 335 2030 nippus‚
364 1974 558 2030 incubat,
605 1971 809 2016 somnium
851 1970 999 2013 refert:
1040 1977 1225 2014 montem
1269 1970 1352 2013 deo
1390 1984 1554 2013 sacrum

166 2058 247 2088 nec
276 2046 339 2088 fas
370 2058 464 2088 esse
490 2046 533 2086 in
564 2047 771 2098 potestate
801 2042 979 2084 tribuum
1010 2053 1269 2096 permanere.
1338 2041 1438 2082 Tum
1468 2041 1553 2083 Po-

165 2115 355 2169 lyeuctus
388 2112 637 2168 Cydantida,
668 2123 755 2154 non
784 2111 979 2166 ignobilis
1010 2111 1135 2153 homo
1181 2116 1223 2153 et
1262 2111 1303 2152 in
1344 2110 1557 2165 republica

166 2189 386 2238 versatus,
417 2182 677 2238 rogationem
708 2180 759 2222 ad
790 2180 952 2234 plebem
985 2180 1096 2236 tulit,
1141 2180 1272 2223 tribus
1314 2185 1357 2222 ut
1396 2181 1557 2223 redde-

168 2259 263 2297 rent
292 2258 477 2295 montem
506 2250 784 2305 Amphiarao,
823 2250 974 2304 quippe
1018 2251 1089 2304 qui
1129 2263 1153 2291 a
1190 2250 1422 2293 finitoribus
1462 2257 1557 2293 ante

168 2324 429 2367 sortitionem
461 2326 678 2377 exemptus
710 2320 791 2363 deo
827 2325 870 2363 et
894 2325 1167 2364 consecratus
1190 2320 1327 2377 fuerit,
1358 2321 1557 2363 restituc-

168 2399 347 2447 rentque
384 2393 563 2446 pretium
613 2402 699 2444 quo
754 2390 1049 2432 vendidissent.
1121 2389 1286 2431 Addidit
1327 2390 1368 2430 in
1411 2389 1559 2431 eadem

170 2463 411 2518 rogatione,
443 2466 490 2503 ut
517 2460 706 2513 reliquae
738 2464 835 2500 octo
867 2459 997 2500 tribus
1038 2458 1188 2501 damno
1221 2458 1393 2500 duarum
1426 2473 1559 2502 cave-

169 2538 264 2574 rent
294 2536 581 2586 sarcirentque
610 2529 703 2571 illae
735 2529 848 2583 quod
885 2530 1130 2571 amisissent.
1204 2529 1309 2571 Huic
1347 2530 1563 2585 Polyeucti

170 2603 381 2657 rogationi
411 2601 646 2645 intercessit
676 2600 818 2643 nescio
849 2600 941 2654 quis
973 2622 1028 2630 —-
1060 2601 1095 2642 is
1131 2598 1313 2642 fortasse
1344 2601 1433 2654 ipse
1470 2600 1562 2655 Hy-

170 2672 340 2727 perides
370 2672 446 2715 fuit
476 2698 533 2705 --
575 2671 738 2713 actione
778 2671 885 2725 legis
933 2671 1041 2713 male
1083 2675 1258 2725 rogatae
1303 2670 1562 2723 perfecitque

172 2750 218 2785 ut
247 2749 422 2799 rogator
452 2744 560 2798 legis
591 2755 739 2786 caussa
771 2743 943 2785 caderet
972 2744 1181 2797 multaque
1214 2743 1359 2796 viginti
1378 2743 1563 2796 quinque

173 2812 459 2856 drachmarum
506 2813 755 2857 afficeretur.
831 2813 964 2863 Quam
1004 2813 1275 2854 calamitatem
1317 2810 1565 2866 Polyeuctus

1146 2891 1173 2931 5
