1795 3218
703 206 1084 253 SCHOLIA.
1523 198 1588 247 43

198 321 445 384 Λεωβότης
474 320 794 384 Ἀλκμαίωνος
822 327 1140 386 Ἀγρυλῆθεν·
1170 328 1285 372 ἔνιοι
1315 326 1362 371 δὲ
1392 326 1484 371 τῶν
1506 328 1588 384 ῥη-

198 391 342 453 τόρων
371 394 598 441 εἰώθεσαν
626 398 778 443 καλεῖν
808 398 884 444 καὶ
913 396 970 443 τά
1003 394 1071 456 μή
1101 393 1284 455 μεγάλα
1325 390 1587 453 ἀδικήματα

198 465 510 523 εἰσαγγελίαν·
557 468 655 510 ἔστι
684 462 726 511 δ’
756 465 834 512 ὅτε
864 465 1178 524 ἐμβάλλοντες
1207 462 1314 514 τούς
1353 480 1587 520 συκοφαν-

197 535 451 593 τουμένους
480 529 775 592 εἰσήγγειλον,
805 534 865 589 ὥς
893 539 985 593 μὲν
1018 535 1291 594 Φιλόχορος,
1320 533 1476 594 χιλίων
1505 549 1588 577 κα-

197 604 479 659 θεζομένων,
508 601 566 654 ὥς
594 604 642 649 δὲ
672 606 931 662 Δημήτριος
953 603 978 650 ὁ
1008 601 1271 661 Φαληρεύς,
1297 603 1451 663 χιλίων
1474 620 1588 648 πεν-

197 670 438 718 τακοσίων.
467 667 672 724 κάκεῖνος
701 672 749 719 δὲ
771 671 919 723 οὕτως
943 670 1161 729 ὦρίοατο·
1194 671 1452 730 εἰσαγγελία
1468 672 1588 717 ἐστίν

197 736 223 783 ὃ
255 740 357 796 περὶ
401 742 572 787 καινῶν
608 737 904 799 α’δικημάτων
949 737 1194 787 δεδώκασιν
1233 738 1501 800 ἐπενεγκεῖν
1543 746 1587 787 οἱ

196 807 351 866 νόμοι.
409 809 532 854 Adde
561 811 768 854 Pollucem
788 809 839 867 «8,
862 809 933 869 51,
965 813 1036 867 qui
1061 811 1311 867 Hyperidem
1343 818 1439 855 ante
1472 824 1583 856 ocu-

198 878 260 922 los
289 879 451 923 habuit:
499 881 528 937 ἦ
557 881 816 938 εἰσαγγελία
857 882 1071 926 τέτακται
1111 882 1187 926 ἐπὶ
1231 883 1324 927 τῶν
1366 879 1587 939 α’γράφων

195 947 425 1004 δημοσίων
456 944 751 1005 ἀδικημάτων
784 945 898 993 κατά
930 947 1013 993 τὸν
1040 945 1193 1003 νόμον
1234 946 1316 993 τὸν
1354 950 1586 1006 εἰσαγγελ-

194 1012 323 1061 τικόν
354 1051 481 1061 .....
511 1012 791 1078 (ἀμφοτέρως
827 1013 916 1076 γάρ
957 1017 1177 1076 λέγουσιν)
1219 1016 1268 1069 ὃς
1306 1028 1449 1065 κεῖται
1488 1049 1501 1063 .

196 1086 299 1143 περὶ
333 1080 398 1133 ὧν
429 1084 512 1133 οὐκ
551 1087 633 1132 εἰσὶ
674 1086 838 1144 νόμοι,
885 1084 1051 1133 ἀδικῶν
1092 1088 1141 1133 δέ
1188 1105 1258 1137 τις
1295 1086 1585 1146 άλίσκεταιῆ

196 1151 342 1215 ἅρχων
372 1153 402 1213 ἢ
433 1154 606 1216 ῥήτωρ,
653 1157 720 1207 εἰς
750 1154 835 1214 τήν
878 1152 1057 1214 βουλὴν
1105 1156 1363 1215 εἰσαγγελία
1411 1156 1587 1203 δίδοται

196 1224 292 1267 κατ’
324 1221 490 1270 αὐτοῦ·
523 1221 613 1270 κᾶν
641 1228 735 1282 μὲν
777 1226 941 1282 μέτρια
975 1219 1144 1270 άδιιιεῑν
1183 1225 1325 1283 δοκῇ,
1364 1219 1395 1282 ἦ
1438 1221 1588 1283 βουλὴ

194 1303 389 1340 ποιεῖται
421 1295 586 1352 ζημίας
621 1295 876 1352 ἐπιβολήν,
906 1291 980 1353 Ἴᾶν
1016 1293 1064 1339 δὲ
1107 1295 1269 1349 μείζω,
1308 1294 1586 1352 παραδίδωσι

193 1362 489 1423 δικαστηρίῳ·
521 1360 574 1408 τὸ
605 1362 651 1408 δὲ
683 1363 885 1421 τίμημα,
914 1360 940 1408 ὅ
969 1381 1015 1408 τι
1044 1360 1129 1422 χρη
1160 1368 1335 1408 παθεῖν
1364 1361 1394 1420 ἢ
1423 1362 1586 1407 α’ποτῖ-

193 1449 282 1477 σαι.
313 1434 521 1489 ἐγίνοντο
553 1432 601 1478 δὲ
631 1424 909 1490 εἰσαγγελίαι
952 1431 1026 1477 καὶ
1059 1426 1175 1477 κατά
1207 1433 1298 1477 τῶν
1328 1430 1586 1479 καταλυόν-

192 1518 282 1547 των
319 1498 402 1546 τὸν
432 1502 584 1558 δῆμον
627 1495 828 1561 ῥητόρων
870 1499 900 1557 ἢ
938 1496 1007 1559 μή
1049 1496 1105 1545 τά
1146 1498 1307 1558 ἄριστα
1347 1503 1410 1559 τῷ
1454 1501 1584 1561 δήμῳ

191 1570 446 1631 λεγόντων,
474 1569 503 1628 ἢ
534 1569 650 1630 πρὸς
683 1568 793 1621 τούς
823 1573 1076 1629 πολεμίους
1106 1568 1220 1617 ἄνευ
1249 1571 1332 1617 τοῦ
1355 1574 1583 1629 πεμφθῆ-

191 1658 270 1686 ναι
301 1636 626 1692 ἀπελθόντων,
666 1636 696 1697 ἢ
737 1639 1006 1697 προδόντων
1046 1639 1265 1698 φρούριον
1303 1636 1334 1696 ἢ
1363 1638 1585 1696 στρατιάν

191 1706 222 1766 ἢ
252 1710 396 1762 ναῦς,
425 1705 483 1759 ὥς
514 1707 810 1767 Θεόφραστος
840 1711 891 1755 ἐν
927 1710 989 1768 τῷ
1028 1709 1134 1766 περὶ
1175 1703 1347 1766 νόμων.
1416 1710 1499 1754 cfr.
1531 1710 1584 1753 ad

191 1785 294 1823 orat.
323 1792 400 1834 pro
430 1779 632 1835 Lycophr.
661 1779 938 1833 prooemium.

279 1856 320 1914 4,
352 1855 406 1900 19
437 1850 666 1912 τούτου]
700 1849 894 1913 πότερον
922 1854 1045 1901 ἐστὶν
1072 1850 1102 1911 ἦ
1128 1851 1387 1914 ἀντιγραφή
1416 1859 1464 1902 ἐκ
1495 1858 1582 1903 τῶν

190 1926 349 1983 νόμων
378 1923 408 1983 ἦ
436 1923 519 1983 μή.

279 2004 319 2059 4,
350 2004 407 2047 20
438 2000 468 2059 ἢ
494 2000 519 2047 ὅ
537 2003 672 2058 πως]
704 2002 960 2046 Fefellerunt
991 2001 1194 2045 editorem
1231 2002 1379 2045 ductus
1416 2001 1581 2057 codicis,

192 2087 285 2116 cum
317 2071 347 2129 ἢ
376 2070 448 2117 ὅτι
470 2068 528 2121 ὥς
548 2073 628 2115 sibi
645 2074 793 2128 legere
815 2072 1048 2115 videbatur.
1107 2072 1226 2114 Nunc
1247 2085 1301 2115 ne
1320 2072 1412 2127 quis
1435 2071 1581 2116 εἰσίω-

192 2160 267 2188 σιν
296 2142 532 2198 desideret‚
561 2143 737 2186 verbum
769 2142 865 2197 εἶμι
893 2147 1065 2196 propter
1095 2142 1175 2183 vim
1213 2142 1392 2184 futuram
1432 2142 1581 2196 sequi-

191 2218 258 2256 tur
288 2217 537 2256 structuram
566 2216 801 2267 temporum
831 2210 1063 2253 futurorum
1092 2216 1185 2266 post
1214 2207 1366 2264 ὅπως,
1394 2217 1440 2254 ut
1474 2211 1582 2266 apud

189 2282 507 2338 Xenophontem
539 2282 744 2328 ἐκέλευον
777 2282 1103 2340 παραγγεῖλαι,
1134 2278 1256 2331 ὅπως
1272 2285 1336 2331 εἰς
1355 2276 1414 2325 τά
1442 2296 1581 2337 στρα-

188 2350 360 2398 τόπεδα
405 2352 567 2409 μηδεὶς
608 2353 809 2397 εἴσεισιν.
882 2351 1119 2393 Orationem
1173 2351 1274 2406 περὶ
1325 2350 1418 2394 τῶν
1468 2344 1583 2404 πρὸς

189 2418 291 2467 Ἀλ.
326 2427 464 2468 συνθ.
493 2420 634 2477 ρ.211
670 2422 842 2464 contulit
869 2422 1097 2477 Babingto:
1129 2420 1261 2476 οἶμαι
1292 2416 1430 2465 οὐδὲν
1460 2417 1584 2465 οὕτω

192 2498 287 2539 τοῖς
317 2489 771 2547 δημοκρατουμένοις
803 2490 998 2547 πρέπειν
1037 2486 1095 2540 ὥς
1126 2491 1226 2547 περὶ
1268 2486 1322 2533 τὰ
1363 2490 1465 2533 ἴσον
1509 2490 1583 2534 καὶ

190 2554 256 2602 τὸ.
296 2557 476 2607 δίκαιον
525 2555 815 2614 σπουδάζειν.
892 2558 987 2603 Alia
1034 2559 1335 2605 eiusdemmodi
1382 2559 1490 2602 dicta
1542 2572 1582 2602 v.

196 2630 303 2686 apud
333 2629 612 2674 Hel-mannum
642 2628 809 2684 Antiqq.
843 2630 953 2684 publ.
985 2631 1057 2682 66,
1092 2632 1120 2673 2
1154 2636 1195 2673 et
1228 2629 1324 2685 113,
1355 2630 1395 2671 5.

280 2708 320 2763 4,
350 2706 407 2749 23
437 2703 581 2766 ὑπὲρ
612 2704 868 2755 ἁπάντων
914 2742 967 2752 ..
997 2743 1006 2753 .
1040 2707 1163 2763 περὶ
1209 2702 1443 2753 ἑκάστου
1485 2700 1583 2751 av’-
