1795 3218
696 219 1084 279 scu-0L1A.
1521 214 1586 262 61

201 340 502 399 lae'qu'aedam
533 338 674 382 extant
700 339 864 384 difficile
893 340 1007 384 dictu
1037 342 1213 393 estque
1237 337 1367 381 'modo
1389 350 1482 381 cum
1503 339 1590 394 Ly-

203 407 446 465 cophronea
476 420 627 453 caussa
643 409 937 474 cohaereant:
974 409 1029 459 de
1066 407 1281 477 Euphemo
1316 407 1456 464 deque
1484 407 1589 450 Ari-

203 487 324 533 stone
362 488 405 525 et
445 481 722 550 Theomnesto
763 482 861 542 quid
897 482 1158 537 suspicemur
1194 479 1348 522 dictum
1383 485 1446 523 est
1483 480 1589 523 infra

203 552 459 675 ιηῗῖιιιῗῃῖὶ
489 619 560 677 23,
589 619 643 663 17
670 620 867 663 continua
896 590 981 663 nos-⁷
1003 620 1154 675 excipit
1191 620 1326 663 oratio
1371 631 1506 674 eaque
1546 620 1588 660 in

203 701 363 732 summa
401 703 451 733 re
491 691 624 735 omnis
665 690 946 734 accusationis
992 686 1205 744 occupata.
1234 689 1237 691 ’
1285 690 1436 733 Narrat
1460 690 1588 731 ‘enim

199 758 442 815 Lycophro,
474 762 703 804 adversarii
731 752 817 817 sui,
849 761 1066 817 Lycurgus
1097 773 1191 804 cum
1222 760 1587 815 subscriptoribus,

200 828 349 883 quibus
380 835 512 874 semet
540 830 777 874 criminibus
806 831 1021 885 petiissent
1050 843 1144 874 cum
1173 831 1349 886 primum
1391 831 1433 872 in
1477 842 1587 872 con-

198 900 314 943 tione
343 901 486 956 populi
516 895 898 945 denunciaverunt:
928 914 1037 956 quae
1069 914 1138 957 se,
1169 902 1320 945 absens
1352 902 1466 959 enim!
1486 912 1588 943 reus

199 969 334 1014 factus
365 965 478 1026 erat,
509 984 566 1013 ex
593 970 779 1026 epistolis
806 969 1067 1012 familiarium
1106 982 1277 1012 suorum
1319 972 1587 1025 comperisse.

199 1038 329 1094 Igitur
354 1039 599 1095 Lycurgum
628 1040 893 1096 narravisse,
920 1039 964 1082 id
996 1038 1109 1094 quod
1140 1051 1195 1082 ex
1225 1039 1367 1083 amicis
1408 1039 1588 1082 auditum

200 1102 384 1164 diceret,
428 1109 747 1165 Lycophronem
784 1111 826 1152 in
860 1121 1012 1165 pompa
1041 1110 1211 1164 nuptiali
1240 1110 1438 1166 mulieris,
1468 1111 1586 1153 cuius

199 1178 399 1222 moechus
423 1178 555 1223 fuisse
581 1170 753 1236 dicatur,
784 1179 835 1222 ad
866 1169 976 1222 illam
1006 1181 1239 1223 accessisse
1270 1180 1394 1235 eique
1434 1181 1478 1222 in
1508 1193 1589 1222 au-

199 1260 289 1290 rem
320 1248 632 1299 insusurrasse‚
678 1261 733 1291 ne
761 1262 853 1292 rem
888 1261 982 1291 cum
1011 1261 1123 1292 novo
1155 1250 1326 1306 marito,
1369 1248 1588 1306 Charippo‚

199 1318 375 1362 haberet
402 1331 534 1375 seque
576 1320 655 1364 sibi
692 1325 931 1363 reservaret
969 1320 1189 1375 integram.
1258 1320 1350 1362 Hoc
1377 1321 1414 1363 si
1442 1333 1589 1362 verum

199 1389 268 1445 sit,
300 1390 491 1442 confiteri
520 1403 617 1435 sese
647 1391 701 1433 ait
730 1391 855 1434 etiam
884 1391 1046 1445 reliqua
1076 1390 1300 1445 deliquisse
1325 1391 1463 1433 omnia
1481 1402 1590 1444 quae

130 1497 142 1503 -
198 1459 280 1502 sint
308 1460 349 1501 in
367 1461 581 1516 .isangelia
609 1461 781 1516 scripta:
810 1461 887 1505 sed
917 1461 1039 1504 istum
1071 1460 1220 1504 falsum
1249 1472 1461 1503 rumorem
1493 1471 1589 1502 esse

196 1527 319 1572 facile
349 1542 397 1574 se
429 1531 620 1586 obtinere
650 1543 776 1587 posse
806 1536 963 1587 sperat.
1027 1530 1129 1573 Nam
1160 1531 1203 1573 in
1230 1525 1342 1574 tanta
1375 1529 1588 1573 hominum

197 1599 434 1655 frequentia
475 1614 618 1657 neque
651 1602 784 1645 latere
828 1615 876 1645 se
916 1603 1104 1657 potuisse
1141 1614 1282 1657 neque
1323 1607 1588 1656 praesentem

194 1681 374 1724 poenam
415 1676 458 1713 et
496 1673 579 1714 vim
608 1671 922 1728 subterfugere:
973 1673 1123 1715 etenim
1155 1673 1198 1714 in
1229 1672 1427 1714 comitatu
1456 1670 1587 1714 fuisse

196 1739 458 1797 Dioxippum,
488 1741 659 1784 fratrem
678 1743 875 1798 mulieris,
908 1748 951 1784 et
970 1742 1235 1797 Euphraeum
1256 1741 1587 1796 pancratiastam‚

197 1809 304 1861 illius
351 1822 611 1867 comparem,
665 1812 847 1865 omnium
892 1823 1104 1855 consensu
1150 1812 1445 1855 universorum
1500 1816 1587 1852 tum

198 1877 455 1922 Graecorum
482 1880 810 1924 robustissimos.
870 1880 959 1924 I-Ios
979 1880 1089 1923 illico
1108 1880 1429 1934 interempturos
1454 1883 1589 1922 semet

196 1947 339 1992 fuisse.
399 1948 513 2005 Nec,
557 1949 671 2005 quod
713 1943 837 2005 caput
876 1951 940 1992 rei
970 1951 1045 2006 sit,
1095 1949 1344 2004 Charippum
1384 1949 1587 1992 eiusmodi

195 2032 384 2077 uxorem,
418 2032 528 2075 quae
556 2033 604 2065 se
637 2020 852 2065 addiceret
880 2021 1073 2077 moecho,
1103 2020 1231 2064 fuisse
1262 2021 1496 2064 ducturum.

281 2098 443 2141 Exinde
471 2100 513 2141 in
542 2100 680 2142 locum
711 2113 972 2144 communem
997 2101 1193 2157 delapsus
1216 2102 1438 2156 exequitur
1463 2113 1586 2155 quam

188 2170 335 2224 iniqua
372 2169 610 2213 conditione
648 2175 815 2214 utantur
858 2172 945 2226 rei,
997 2177 1145 2215 contra
1196 2184 1320 2226 quam
1368 2172 1585 2225 praeclare

195 2245 344 2296 agatur
374 2252 468 2283 cum
499 2241 833 2298 accusatoribus,
865 2241 1016 2297 quibus
1054 2241 1179 2285 liceat
1221 2242 1417 2297 quicquid
1457 2243 1584 2285 velint

192 2311 335 2355 dicere
363 2311 544 2366 impune.
603 2312 711 2355 Male
741 2318 881 2356 autem
912 2314 1052 2368 egisse
1081 2313 1335 2368 Lycurgum,
1367 2312 1479 2367 quod
1502 2313 1583 2354 ad-

191 2386 388 2437 vocatos,
434 2381 470 2424 si
500 2382 572 2436 qui
598 2382 709 2425 forte
738 2384 816 2439 sibi
844 2382 1010 2425 affuturi
1052 2384 1155 2436 sint,
1201 2384 1242 2423 in
1284 2383 1583 2437 praeiudicium

192 2449 413 2494 adduxerit
438 2450 619 2493 iudicum
634 2483 646 2507 ‚
683 2464 776 2494 cum
817 2456 957 2494 tamen
994 2451 1092 2493 nihil
1137 2452 1295 2496 civilius
1332 2453 1411 2508 sit,
1459 2465 1583 2509 quam

191 2519 383 2564 homines
421 2520 583 2564 dicendi
627 2532 786 2577 gnaros
834 2522 975 2565 amicis
1014 2522 1341 2577 periclitantibus
1381 2524 1581 2567 auxiliari.

191 2591 321 2634 Immo
360 2591 598 2650 Lycurgum
639 2592 926 2648 defensionem
968 2595 1033 2637 rei
1072 2594 1125 2637 ad
1167 2600 1324 2637 certam
1376 2595 1581 2650 quandam

193 2674 380 2705 normam
411 2663 645 2719 alligantem
674 2662 877 2706 iudicibus
908 2663 963 2712 de
994 2664 1143 2720 quibus
1182 2664 1311 2706 rebus
1350 2662 1581 2706 audiendus

192 2733 265 2789 sit,
311 2732 365 2777 de
409 2734 558 2790 quibus
598 2746 683 2778 non
731 2734 802 2791 sit,
846 2736 1147 2791 praescriptum
1187 2733 1369 2777 dedisse.
1446 2733 1578 2777 Porro
