1795 3218
691 216 1085 264 SGHOLtA.
1513 213 1580 261 59

184 335 408 396 γρᾶφθαι.
497 338 627 382 Recte
672 349 777 381 vero
821 338 989 383 Pollux:
1039 338 1191 382 etenim
1231 335 1446 393 Lycurgus
1491 348 1579 380 non

184 404 360 465 ὕβρεως
389 409 457 452 vel
497 403 725 459 κακώσεως
765 409 932 453 nomine
974 409 1295 465 Lycophronem
1337 408 1577 451 arcessive-

183 481 247 521 rat
276 476 391 534 πρρς
421 471 505 523 τὸν
528 473 753 534 ἄρχοντα,
794 478 869 521 sed
904 484 1027 523 aucto
1055 479 1097 520 in
1127 478 1260 521 maius
1291 477 1461 519 crimine
1495 489 1575 520 co-

181 559 271 590 ram
311 548 468 602 populo
509 544 754 592 καταλύειν
784 544 868 591 τὸν
897 548 1048 604 δῆμον
1080 546 1438 603 παραβαίνοντα
1469 546 1578 595 τούς

181 616 357 675 νόμους
395 632 436 675 p.
467 617 538 675 27,
572 616 626 661 14
656 617 876 663 detulerat.
953 618 1012 662 lta
1056 619 1166 662 enim
1209 617 1278 661 vel
1318 616 1470 661 licebat
1508 618 1576 661 vel

182 689 338 733 libebat
367 691 531 734 virtutis
560 690 698 746 rigido
740 691 904 735 custodi
942 687 1025 736 τόν
1054 686 1395 748 εἰσαγγελτικὸν
1425 684 1576 744 νόμον

183 760 390 815 applicare
420 761 472 805 ad
502 760 836 818 Lycophronem‚
868 773 993 817 quem
1024 774 1063 804 v.
1095 773 1135 816 p.
1170 760 1209 816 5,
1245 757 1313 802 11.
1373 757 1574 813 Idemque

180 832 222 873 in
249 821 450 876 'similibus
475 834 639 876 'caussis
669 833 785 876 multi
813 833 956 875 imitati
986 838 1102 888 sunt,
1117 831 1331 893 ¹quoniam
1362 829 1573 872 etiamtum

180 909 274 952 τοίς
305 900 546 948 διώκουσιν
575 897 830 951 ἀκινδύνως
858 902 1168 959 εἰσαγγέλλειν
1197 901 1314 957 ἐξῆν.
1354 899 1463 967 illud
1489 899 1572 941 mi-

178 972 382 1015 rationem
424 972 522 1014 iacit
536 1004 548 1027 ‚
592 983 669 1013 cur
704 970 937 1025 Hyperides
977 971 1020 1012 in
1059 971 1292 1024 Euxenippi
1330 970 1575 1012 defensione

178 1040 429 1094 impunitatis
472 1041 831 1084 consectationem
868 1053 953 1083 non
994 1039 1292 1095 exprobaverit
1331 1039 1573 1094 Polyeucto.

264 1108 457 1165 Denique
487 1111 641 1154 scimus
670 1110 948 1166 Hipparchum
968 1110 1260 1154 Pisistratidam
1282 1109 1457 1164 eiusque
1474 1121 1574 1152 cae-

179 1179 273 1222 dem
322 1191 409 1223 non
448 1181 598 1235 procul
638 1181 900 1235 Melanippeo
950 1185 1320 1223 commemoratam
1361 1179 1494 1222 fuisse
1532 1181 1574 1220 in

178 1250 407 1306 Lycurgeis
439 1252 718 1294 orationibus:
749 1263 859 1306 quae
889 1264 960 1294 res
992 1264 1076 1306 quo
1106 1250 1275 1293 vinculo
1307 1248 1402 1293 cum
1423 1262 1574 1293 caussa

178 1321 403 1363 constricta
432 1320 558 1362 fuerit
587 1320 730 1363 docte
748 1321 967 1363 adumbrat
997 1321 1272 1375 Kiesslingius
1298 1333 1339 1375 p.
1364 1318 1435 1376 44,
1461 1320 1573 1362 ube-

175 1391 263 1432 rius
305 1395 481 1433 exornat
519 1390 726 1445 Sauppius
765 1391 808 1434 in
849 1390 1168 1434 Zimmermanni
1210 1389 1313 1433 diar.
1358 1390 1487 1445 antiq.
1533 1403 1571 1432 a.

180 1458 292 1501 1836
322 1471 362 1512 p.
382 1458 471 1500 422
498 1464 539 1501 et
567 1459 751 1503 Meierus
780 1460 806 1502 l.
823 1472 883 1515 c.‚
913 1448 1040 1503 hodie
1061 1460 1133 1502 vix
1153 1464 1251 1513 eget
1270 1459 1568 1501 admonitione.

262 1527 384 1570 Nunc
414 1540 508 1571 cum
545 1528 662 1582 prior
690 1540 788 1583 pars
819 1530 1022 1573 orationis
1051 1528 1314 1584 Hyperideae
1345 1540 1495 1585 eaque,
1526 1534 1571 1571 ut

174 1609 250 1651 par
277 1603 342 1640 est
371 1598 564 1654 credere,
596 1600 730 1641 maior
760 1600 989 1655 intercepta
1020 1600 1085 1654 sit,
1116 1605 1158 1641 at
1185 1605 1309 1653 caput
1324 1604 1465 1641 tamen
1490 1611 1568 1641 ac-

174 1669 398 1712 cusationis
432 1675 646 1714 servatum
684 1669 909 1724 habemus;
949 1671 1003 1714 de
1035 1671 1123 1715 aliis
1154 1670 1393 1713 criminibus
1401 1703 1413 1726 ,
1458 1682 1570 1726 quo-

172 1749 266 1779 rum
303 1750 423 1780 reum
465 1743 614 1794 egerat
650 1739 869 1794 Lycurgus
910 1740 1091 1782 eundem
1120 1739 1457 1795 Lycophronem,
1487 1751 1568 1793 pa-

173 1819 264 1848 rum
306 1813 483 1851 constat.
552 1807 640 1851 Nisi
668 1808 783 1863 quod
814 1808 898 1852 hoc
928 1809 1170 1864 dilucescit,
1220 1809 1567 1852 consuetudinem

174 1876 283 1919 illam
318 1889 412 1919 cum
449 1877 624 1920 muliere
655 1882 780 1920 antea
810 1877 877 1919 alii
907 1878 999 1933 civi,
1041 1883 1134 1932 post
1165 1877 1370 1932 Charippo
1400 1878 1566 1921 cuidam

174 1952 300 2001 nupta
339 1946 499 1991 fontem
528 1948 786 2002 reliquorum
815 1948 1061 1991 delictorum
1089 1948 1233 1992 fuisse.
1304 1948 1410 1991 Nam
1440 1962 1565 1992 nemo

175 2016 385 2073 dubitabit,
417 2019 515 2072 quin
545 2018 783 2073 primarium
814 2025 1105 2074 argumentum
1136 2020 1416 2063 accusationis
1434 2032 1565 2074 prae-

173 2093 285 2131 stent
323 2100 399 2143 ea,
439 2088 492 2131 ad
536 2101 645 2144 quae
686 2103 711 2132 a
741 2103 789 2134 se
817 2091 1051 2133 amolienda
1080 2090 1303 2146 Lycophro
1329 2103 1370 2146 p.
1404 2090 1474 2147 23,
1510 2090 1564 2134 17

173 2159 390 2202 transitum
431 2165 562 2213 parat.
623 2159 707 2203 Sed
736 2166 907 2215 praeter
936 2161 1283 2203 contumeliosam
1314 2162 1410 2217 vim,
1438 2174 1564 2217 quam

172 2228 394 2284 Lycopbro
437 2229 595 2272 liberae
641 2229 821 2272 feminae
861 2230 1026 2284 publice
1067 2230 1255 2274 intulisse
1294 2231 1563 2286 arguebatur,

172 2310 267 2340 cum
314 2310 365 2340 ea
408 2298 461 2341 ad
504 2299 734 2342 secundum
778 2300 969 2344 maritum
1009 2300 1305 2354 deduceretur,
1342 2301 1562 2354 Lycurgus

172 2368 454 2411 cumulaverat
483 2369 602 2422 plura
631 2382 656 2411 a
684 2381 776 2424 reo,
806 2369 987 2424 homine,
1017 2370 1054 2413 si
1083 2370 1319 2411 accusatori
1348 2368 1451 2411 fides
1484 2375 1561 2424 est,

170 2435 413 2482 facinoroso
445 2443 488 2481 et
516 2437 679 2492 perdito
711 2439 920 2492 probrose
951 2444 993 2481 et
1023 2438 1183 2481 nefarie
1210 2439 1442 2482 commissa.

260 2514 382 2557 Nunc
411 2528 465 2558 ne
495 2514 592 2557 illud
624 2514 789 2570 quidem
816 2516 859 2557 in
891 2516 1076 2560 obscuro
1109 2523 1186 2574 est,
1228 2530 1428 2572 quorsum
1460 2532 1561 2573 spe-

173 2584 379 2627 ctaverint
419 2598 470 2629 ea
514 2597 621 2641 quae
662 2585 881 2641 Lycurgus
922 2586 1086 2631 dixerat
1115 2589 1259 2631 similia
1288 2588 1437 2632 horum
1466 2589 1558 2643 Hy-

169 2653 324 2706 peridis
370 2667 426 2696 ex
477 2656 668 2699 oratione
709 2656 752 2697 in
792 2655 1087 2702 Mantitheum:
1146 2663 1318 2703 ἔθεσαν
1357 2658 1558 2716 (maiores

171 2722 322 2781 nostri)
365 2719 420 2769 οὐ
464 2723 615 2783 μόνον
658 2723 775 2784 ὑπὲρ
805 2726 895 2772 τῶν
926 2728 1194 2785 ἐλευθέρων,
1225 2722 1338 2773 ἄλλά
1373 2728 1444 2773 καὶ
1475 2723 1558 2773 ἐάν
