1795 3218
624 211 1149 258 PRAEFATIO.
1525 223 1606 255 xix

204 354 338 387 sensu
386 343 614 386 bonorum
661 335 882 384 librorum
935 342 1054 397 apud
1108 341 1340 384 Platonem
1399 339 1605 393 aliosque

207 428 413 469 auctores
459 422 656 479 reposita
697 425 788 475 est,
838 435 878 466 v.
908 423 1251 467 *Schneiderum
1301 421 1358 465 ad
1405 420 1604 465 Platonis

204 507 297 550 Civ.
320 507 339 549 1
359 519 403 561 p.
428 497 581 549 332¹).
652 505 833 558 Absque
855 517 911 547 eo
935 508 1065 557 esset,
1102 506 1225 547 nulla
1262 503 1451 546 audacia
1486 493 1602 552 ὠφε-

209 584 334 633 λείας
369 586 691 630 rescriberetur
726 586 771 627 in
801 589 921 630 tanta
958 585 1129 628 librarii
1170 584 1454 628 vacillatione
1490 584 1604 626 inter

207 669 389 712 vocales
422 668 523 711 soni
560 667 761 709 finitimi:
809 667 1037 717 κακοηθια
1084 667 1179 720 ipse
1209 666 1430 719 Babingto
1466 676 1603 719 repu-

208 751 346 794 diavit
376 749 585 804 deditque
617 740 874 799 κακοήθεια
916 761 959 803 p.
1002 744 1091 799 14,
1123 743 1203 792 23.
1288 747 1601 792 Praetermitto

203 832 290 874 alia
327 818 560 873 minutula,
630 830 741 873 Mihi
775 831 954 873 tenuior
994 829 1218 872 interdum
1265 834 1308 873 et
1351 829 1599 884 quotidiani

202 913 422 956 sermonis
442 911 697 954 >humilitati
730 910 919 964 propior
962 910 1058 952 visa
1108 911 1335 962 elocutio,
1386 910 1510 952 velut
1556 922 1599 964 p.

207 992 284 1048 14,
323 992 354 1039 7
392 989 541 1038 αἰτίας
571 986 695 1045 ἥκεις
726 988 872 1045 φέρων
891 983 987 1032 κατ’
1008 983 1184 1038 αὐτοῦς
1227 989 1305 1047 12,
1333 990 1392 1035 ll
1433 982 1514 1031 ἐάν
1543 980 1599 1031 τά

205 1072 307 1127 περὶ
352 1067 441 1128 τήν
481 1067 652 1127 φιάλην
695 1068 915 1128 γεγονότα
958 1074 1007 1115 ἐν
1052 1067 1385 1127 α’δικηματι
1439 1069 1599 1119 εἶναι

205 1146 503 1202 ψηφίζησθε,
560 1150 681 1205 quod
718 1150 773 1193 de
805 1151 988 1194 homine
1022 1151 1188 1195 dictum
1224 1162 1298 1193 me
1332 1162 1424 1193 non
1456 1149 1600 1192 offen-

206 1231 330 1274 deret
359 1232 421 1274 ita
457 1233 505 1273 ut
541 1230 595 1273 de
632 1242 709 1280 re;
745 1226 791 1281 5,
834 1228 895 1275 15
933 1223 1018 1282 την
1059 1227 1277 1286 ταχίστην
1308 1221 1456 1282 αὐτήν
1497 1221 1602 1280 (την

211 1304 384 1361 αἰτίαν)
430 1304 497 1349 δεῖ
547 1305 665 1349 εἶναι
713 1307 762 1347 ἐν
808 1306 866 1361 τῷ
910 1305 1209 1364 ὃικαστηρίῳς
1259 1307 1307 1363 7,
1344 1305 1373 1355 3
1407 1302 1600 1361 τοιούτῳ

211 1373 449 1432 πράγματι
483 1371 538 1420 οὐ
568 1376 778 1434 κέχρησαι
812 1383 855 1422 et
892 1392 1035 1434 pauca
1072 1380 1175 1422 alia.
1267 1381 1599 1428 Verumtamen,

208 1462 245 1504 si
282 1461 394 1505 haec
431 1460 651 1516 quaedam
691 1461 960 1515 negligentia
1002 1464 1092 1512 est,
1142 1461 1253 1503 mihi
1292 1472 1383 1504 non
1426 1461 1599 1514 ingrata

207 1545 326 1585 certe
359 1545 425 1585 est
468 1544 514 1584 in
557 1546 682 1585 tanto
727 1543 970 1585 verborum
1018 1542 1125 1584 scite
1184 1544 1597 1596 coagmentatorum

206 1623 381 1673 levore,
438 1623 595 1676 lepore
639 1625 788 1665 autem
837 1623 1184 1674 sententiarum,
1240 1623 1364 1664 omni
1423 1625 1599 1664 tumore

208 1704 365 1756 procul
398 1706 646 1756 segregato.
724 1704 910 1746 Flumen
958 1706 1109 1746 autem
1148 1702 1365 1745 orationis
1400 1702 1477 1744 ubi
1516 1702 1633 1761 im-·

208 1783 351 1837 pediri
388 1786 431 1825 ct
462 1784 633 1826 turbari
670 1785 911 1836 videbitur,
961 1785 1095 1828 veluti
1144 1784 1230 1826 col.
1263 1778 1345 1834 44,
1390 1795 1482 1825 non
1522 1795 1600 1825 so-

209 1863 364 1906 cordia
397 1866 440 1906 et
473 1863 663 1906 infantia
705 1864 751 1906 id
798 1865 1089 1907 commissum
1136 1874 1235 1905 esse
1283 1864 1479 1917 reperiet
1523 1864 1599 1917 qui

210 1946 406 1999 quaeret.
476 1944 706 2001 Nusquam
744 1947 815 1990 vel
852 1947 1095 2002 ampliores
1129 1946 1371 1988 verborum
1407 1945 1600 1989 ambitus

207 2028 449 2072 luminibus
496 2029 714 2071 orationis
772 2029 915 2072 facilis
973 2032 1017 2072 et
1073 2028 1335 2083 perspicuae
1383 2028 1598 2072 officiunt.

208 2108 274 2152 Ad
324 2111 598 2162 extremum,
649 2112 696 2153 in
744 2112 890 2154 verbis
935 2112 971 2154 si
1020 2123 1109 2165 qua
1158 2113 1262 2153 sunt
1304 2110 1434 2163 vitia,
1484 2124 1599 2166 quae

208 2189 413 2243 profecto
450 2190 637 2243 parvula
672 2194 798 2243 sunt,
838 2192 936 2234 aliis
971 2191 1083 2233 haec
1116 2194 1160 2233 et
1196 2190 1441 2233 maioribus
1478 2193 1598 2234 redi—

208 2270 288 2312 mit
323 2270 567 2325 Hyperides
606 2272 864 2322 virtutibus,
910 2276 959 2315 ut
994 2274 1071 2316 illa
1109 2273 1238 2315 facile
1272 2273 1405 2316 feras.
1480 2273 1597 2325 Quid

209 2350 328 2404 quod
360 2351 591 2394 verissime
627 2365 700 2396 me
729 2354 875 2397 iudice
908 2353 1094 2397 Ovidius
1140 2353 1337 2404 dicebat,
1368 2354 1598 2398 decentio—

207 2443 302 2474 rem
340 2443 437 2474 esse
476 2431 664 2484 faciem,
695 2434 740 2475 in
774 2446 862 2487 qua
893 2433 1030 2487 aliqui
1068 2444 1237 2476 naevus
1275 2436 1405 2476 esset,

312 2544 593 2597 Quaesiverit
639 2547 827 2591 forsitan
871 2547 1117 2603 quispiam,
1162 2547 1319 2602 ecquid
1368 2549 1507 2603 possit
1541 2562 1599 2591 ex

210 2624 278 2667 his
326 2629 605 2672 orationibus
653 2630 921 2672 firmamenti
972 2631 1113 2685 repeti
1157 2630 1212 2672 ad
1263 2631 1599 2673 sustentandam

208 2708 381 2752 Libanii
417 2714 745 2768 coniecturam,
789 2715 862 2769 qui
895 2715 1144 2759 orationem
1185 2726 1317 2768 quam
1355 2715 1494 2759 modo
1531 2719 1599 2759 at-
