1795 3218
207 230 272 279 52
701 237 1086 282 SCHOLIA.

324 349 383 402 οὗ
416 353 675 402 δεινόταται
705 362 794 413 μὲν
828 356 907 404 ἄπ’
934 357 1193 417 ὀφθαλμῶν
1213 352 1410 415 Κύννης
1430 355 1608 408 (ἰκτῖνες

1010 430 1226 486 ἔλαμπον

208 485 303 529 κτλ.
337 483 420 526 Cfr.
452 484 568 527 Pacis
600 483 687 529 749
718 498 812 542 sqq.

298 563 366 620 14,
398 564 427 607 8
471 565 731 611 Φιλοκλεῖ
776 563 880 621 τήν
925 567 1215 624 θυγατέρα
1261 565 1458 623 ἐδίδου]
1505 566 1606 616 Quis

206 636 285 678 iste
316 647 452 690 gener
482 637 715 692 Euxenippi
744 637 869 681 fuerit
898 639 1009 681 inter
1038 644 1102 681 tot
1128 639 1406 694 cognomines
1445 637 1607 680 Atticos

206 705 399 748 homines
429 706 541 749 latet.
614 707 716 749 Illud
753 707 877 750 facile
917 710 1211 764 cognoscitur,
1248 709 1516 764 Polyeuctum
1555 708 1608 751 de

207 775 514 817 existimatione
541 776 773 832 Euxenippi
803 778 1009 821 malitiose
1039 778 1329 820 detrahentem
1348 802 1350 805 v
1370 789 1462 820 rem
1504 778 1606 820 teti-

207 844 321 899 gisse
361 844 670 901 Philoclemque
719 847 923 891 famosum
969 846 1111 891 fuisse.
1193 847 1390 890 Fortasse
1435 851 1476 889 et
1518 847 1607 902 ipse

206 914 507 959 Macedonibus
537 917 683 960 favere
715 919 1039 962 insimuiabatur.

294 986 352 1028 ib.
384 987 748 1043 Δημοτίωνος
779 989 1002 1035 δίαιταν
1031 988 1214 1046 ἔλαβε]
1247 987 1421 1030 Difficile
1448 992 1512 1030 est
1536 985 1605 1028 di-

207 1058 354 1099 vinare
390 1059 487 1111 quid
519 1059 625 1100 haec
652 1060 781 1101 verba
812 1059 893 1101 sibi
923 1059 1070 1114 velint,
1115 1070 1209 1099 cum
1255 1070 1395 1112 neque
1431 1057 1485 1099 de
1514 1056 1606 1098 De-

206 1126 392 1168 motione
423 1128 522 1171 satis
554 1133 718 1171 constet
749 1133 792 1170 et
830 1126 1012 1172 διάιταν
1058 1127 1218 1184 λαβεῖν
1257 1142 1383 1176 τινος
1420 1125 1607 1168 diversas

206 1196 387 1250 patiatur
417 1197 794 1250 interpretationes.
855 1196 1060 1250 Babingto
1091 1195 1387 1238 Demotionem
1418 1196 1497 1238 dici
1526 1209 1605 1239 su-

207 1265 391 1317 spicatur
419 1260 656 1319 ganeonem
679 1265 791 1306 illum
821 1264 930 1319 apud
948 1264 1172 1307 Timoclem
1184 1264 1377 1307 Meinekii
1390 1263 1454 1320 111,
1470 1263 1606 1319 p.597

324 1330 386 1378 Ὁ
415 1335 657 1391 Δημοτίων
689 1335 736 1379 δὲ
757 1343 1043 1390 παραμενεῖν
1072 1329 1196 1392 αὐτῷ
1227 1333 1372 1379 δοκῶν

324 1399 573 1462 τάργύριον
601 1402 686 1451 οὐκ
716 1402 916 1461 ἐφείδετ’,
949 1400 1062 1449 ἄλλα
1094 1404 1381 1462 παρέτρεψεν

325 1473 409 1520 τὸν
437 1473 748 1532 βουλόμενον,

207 1547 317 1588 inter
348 1557 458 1601 quos
487 1544 619 1588 fuisse
648 1545 938 1600 Euxenippum
981 1544 1282 1600 significavisse
1321 1543 1604 1600 Polycuctum.

208 1615 291 1656 Sed
322 1615 453 1656 verba
484 1627 563 1656 nec
594 1615 713 1655 aliam
749 1619 953 1668 respuunt
990 1613 1307 1666 explicationem
1344 1613 1470 1655 hanc:
1511 1616 1605 1656 De-

208 1685 404 1726 motiom‘s
432 1683 731 1726 habitationem
758 1684 892 1738 cepit,
926 1687 971 1725 ut
1001 1675 1186 1728 δίαιταν
1208 1686 1606 1743 ε”χεινχποιεῑσθαι

205 1754 454 1807 frequenter
482 1754 645 1795 dicitur.
707 1754 924 1795 Postremo
969 1752 1097 1805 longe
1137 1752 1215 1792 alia
1253 1763 1371 1794 mens
1413 1753 1606 1808 prodibit,

208 1824 243 1866 si
274 1822 456 1867 δίαιταν
495 1835 572 1877 pro
615 1822 792 1865 arbitrio
833 1822 1036 1876 accipias,
1081 1825 1127 1863 ut
1166 1820 1437 1879 ἐπιτρέψαι,
1478 1819 1606 1867 dnm-

208 1898 403 1938 θεῖσθαι
436 1893 619 1938 δίαιταν
657 1894 699 1935 in
730 1905 810 1936 usu
841 1897 916 1935 est.
993 1892 1039 1933 Iu
1087 1904 1212 1944 quem
1256 1891 1380 1938 finem
1416 1894 1607 1947 ascripsit

207 1962 412 2018 Babingto
444 1962 583 2005 locum
613 1962 823 2004 Iamblichi
854 1963 923 2003 vit.
956 1960 1126 2015 Pythag.
1162 1959 1244 2002 124
1277 1972 1317 2013 p.
1349 1960 1434 2003 264
1468 1961 1608 2007 ἄλλον

208 2032 256 2076 δὲ
284 2032 467 2078 δίαιταν
496 2030 717 2089 εἰληφότα
748 2029 959 2087 μεγάλην
1002 2025 1218 2086 ἑκάτερον
1248 2032 1472 2075 πείσαντα
1514 2033 1608 2077 τῶν

209 2100 558 2159 ἐπιτρεψάντων
591 2134 603 2145 .
636 2134 646 2145 .
678 2136 688 2146 .
723 2137 733 2147 .

300 2179 368 2236 14,
398 2180 426 2223 9
459 2177 529 2225 ἵν’
561 2177 660 2225 ἐοὶν
690 2180 827 2236 κτλ.]
864 2179 1027 2223 confert
1046 2178 1250 2233 Babingto
1274 2184 1378 2221 orat.
1400 2178 1604 2234 Lycophr.

207 2262 250 2303 p.
281 2249 339 2291 26
372 2255 414 2291 et
453 2249 603 2304 fragm.
649 2251 806 2292 Harris.
852 2250 893 2303 9,
924 2249 952 2291 2
982 2261 1021 2302 p.
1050 2247 1103 2290 21
1158 2247 1232 2291 καὶ
1273 2247 1436 2302 μηδεὶς
1473 2245 1608 2304 ὑμῶν

208 2316 463 2364 ἀπαντάτω
491 2335 574 2375 μοι
604 2316 780 2375 μεταξὺ
809 2318 1018 2374 λέγοντι·
1060 2313 1162 2367 „Ti
1202 2312 1337 2361 τοῦθ’
1377 2312 1493 2373 ἡμῖν
1532 2318 1606 2362 λε’-

207 2405 301 2445 γεις
317 2390 368 2439 ,·“
402 2387 597 2431 Ceterum
628 2394 775 2432 orator
805 2387 856 2431 ad
887 2388 952 2430 rei
980 2386 1236 2442 iniquitatem
1268 2387 1605 2444 exaggerandam

208 2459 406 2503 universe
434 2460 616 2515 loquitur
643 2461 697 2511 de
727 2460 942 2517 quibusvis
974 2460 1190 2504 accusatis.

301 2529 368 2584 14,
403 2529 457 2571 15
502 2529 608 2575 ὑπὸ
655 2533 722 2589 τῇ
765 2528 904 2588 ὀργῇ
946 2531 1056 2574 τῶν
1108 2530 1382 2574 δικαστῶν
1438 2547 1605 2574 κατα-

207 2599 491 2653 λείπεται]
538 2597 794 2645 ὑπόκειται.
865 2601 1036 2642 Locutio
1079 2600 1267 2642 traducta
1321 2599 1370 2640 ad
1414 2600 1604 2653 animum,

209 2676 254 2713 ut
286 2669 457 2724 proprie
489 2669 637 2713 dicitur
664 2671 741 2712 sub
772 2672 903 2712 cultro
932 2671 1190 2725 relinquere,
1233 2673 1273 2710 et
1301 2669 1458 2712 tralate.

301 2745 369 2800 14,
401 2746 457 2788 25
506 2746 810 2805 σχοίησαν]
854 2746 1002 2790 Forma
1052 2757 1225 2800 perrara
1270 2758 1348 2799 pro
1390 2744 1605 2789 usitatiore
