1795 3218
729 258 1122 304 SCHOLIA.
1564 252 1628 303 53

240 380 398 436 σχοῖεν.
459 377 522 420 Ex
550 378 794 423 Damoxeno
827 383 989 425 comico
1019 379 1214 423 Meinekii
1248 379 1329 422 vol.
1362 379 1426 422 1v.
1470 391 1507 433 p.
1539 379 1628 422 532

241 460 368 491 versu
398 448 454 491 67
487 441 587 491 οὐδ’
619 445 677 509 ἄν
706 452 837 508 ἑτέρῳ
881 452 1072 508 δοίησαν
1113 450 1369 506 comparavit
1406 450 1626 506 Babingto.

332 516 399 573 15,
445 518 462 557 1
505 513 539 561 v‘
555 534 589 561 η
605 534 664 562 ou
682 536 735 576 ρι
753 535 779 564 ν
796 519 902 576 όμε
919 537 946 565 ν
965 524 1038 572 ος]
1089 520 1411 574 συκοφαντῶν,
1453 520 1630 563 fidenter

240 585 437 640 rescripsi
487 586 600 650 quod
646 589 852 631 sententia
897 589 1122 644 flagitabat.
1203 588 1412 635 Librarius
1459 594 1503 632 ut
1545 601 1630 632 non

240 662 340 697 raro
373 655 530 710 aliquot
557 655 739 713 litteras,
772 657 811 700 h.
842 658 867 701 l.
899 675 962 703 υπ
994 658 1192 713 neglexit.
1300 654 1303 657 ’

302 723 369 781 15,
400 725 428 768 2
459 726 634 776 κακῶς
662 726 790 782 ἐμοὶ
823 727 999 777 δοκεῖς
1029 728 1264 782 εἰδέναι]
1296 728 1354 769 Ita
1380 728 1519 769 maluit
1538 728 1629 784 Hy-

240 794 406 850 perides
452 795 643 838 eratione
687 801 855 851 praeter
906 809 1022 851 spem
1064 797 1115 839 ad
1165 797 1298 851 ipsum
1345 797 1629 840 adversarium

241 875 456 907 conversa·
479 872 601 920 quam
632 864 752 909 δοκεῖ
771 860 1056 915 Πολύευκτος
1071 865 1270 909 scribere.
1292 902 1294 904 .
1332 867 1524 910 Similiter
1545 879 1631 909 non

239 948 336 978 raro
369 942 576 980 oratores.
634 936 837 990 Babingto
867 938 1008 985 κακῶς
1040 937 1212 982 εἰδέναι
1240 949 1373 991 prope
1404 938 1513 980 idem
1536 950 1633 980 esse

240 1005 354 1061 quod
384 1001 566 1061 ἀγνοεῖν
596 1004 869 1048 doeet'allato
899 1004 1102 1060 Harpocr.
1135 1018 1168 1049 s.
1200 1018 1239 1048 v.
1273 1008 1448 1056 κακῶς
1492 1006 1636 1051 εἰδό-

239 1086 351 1123 τες·
393 1071 498 1116 ἀντὶ
542 1074 628 1117 τοῦ
669 1071 965 1130 ἀγνοοῦντες*
1008 1069 1270 1130 Ἰσοκράτης
1313 1077 1412 1136 περὶ
1454 1070 1636 1130 εἰρήνης

242 1144 280 1201 §.
315 1143 384 1200 32,
416 1142 624 1199 idemque,
655 1144 692 1186 si
723 1148 787 1186 est
815 1143 1045 1199 Isocrates,
1077 1144 1195 1198 epist.
1229 1143 1256 1185 7
1288 1158 1326 1199 p.
1359 1144 1457 1187 422.
1514 1143 1635 1186 Adde

241 1213 562 1268 Xenophontem
594 1212 747 1267 Cyrop.
791 1212 837 1268 11,
878 1212 919 1268 3,
954 1212 1008 1254 13
1047 1214 1189 1261 κακῶς
1231 1209 1403 1262 εἰδότες
1444 1211 1515 1258 ὅτι
1560 1215 1633 1258 καὶ

239 1279 374 1340 ἡμεῖς
405 1279 499 1326 ὑπὸ
528 1282 788 1338 κρείσσονος
816 1277 1091 1327 διδασκάλου
1121 1280 1495 1333 πεπαιδεύμεθα.

330 1351 445 1409 15,3
474 1347 589 1398 ἄλλ’
622 1354 671 1397 οἱ
704 1350 909 1407 δίκαι-σι
939 1352 1122 1395 ταῦτα
1141 1350 1470 1408 γινώσκουσι
1501 1347 1635 1395 πάν-

243 1423 347 1480 τες]
390 1423 468 1466 Ita.
488 1423 626 1465 locum
666 1421 871 1477 Babingto
911 1422 1227 1465 reconcinnavit
1269 1422 1310 1463 in
1354 1421 1635 1477 Corrigendis‚

245 1506 338 1535 cum
367 1494 409 1535 in
441 1497 561 1535 textu
593 1493 684 1546 ipso
729 1495 772 1536 οἱ
809 1486 853 1535 δ’
882 1486 1133 1548 Ἀθηναῖοι
1174 1493 1323 1536 ταῦτα
1366 1488 1635 1549 γινώσκουσι

243 1558 418 1613 πάντες
448 1561 654 1617 dedisset,
700 1560 814 1616 quod
843 1573 924 1603 nec
954 1564 1160 1604 sententia
1191 1563 1280 1616 ipsa
1318 1561 1401 1604 fert
1429 1567 1470 1603 et
1500 1574 1524 1603 a
1554 1574 1635 1615 pa-

241 1632 332 1687 pyri
360 1632 599 1675 testimonio
630 1630 1035 1673 commendationem
1066 1643 1153 1674 non
1182 1631 1320 1673 habet.
1379 1630 1425 1673 In
1449 1643 1502 1674 eo
1526 1632 1635 1673 enim

241 1704 292 1752 ab
324 1702 438 1745 initio
471 1714 620 1745 versus
653 1725 706 1733 -—-
724 1714 819 1744 nam
837 1707 934 1756 post
961 1702 1223 1747 Πολύευκτε
1253 1714 1403 1745 versus
1432 1704 1634 1744 termina—

243 1778 310 1815 tur
335 1798 388 1807 -
421 1791 449 1816 a
482 1784 728 1828 comparere
760 1777 802 1813 et
832 1777 929 1813 ante
959 1788 1052 1815 αισι
1082 1772 1259 1814 litteram
1281 1788 1304 1814 κ
1335 1776 1514 1814 testatur
1540 1771 1636 1814 edi-

240 1849 319 1886 tor.
381 1843 536 1886 Amare
577 1842 809 1898 Hyperides
847 1838 934 1897 τὴν
972 1837 1156 1886 ἀδικίαν
1190 1841 1419 1884 adversarii
1458 1843 1636 1897 sugillat.

242 1915 385 1958 Statim
414 1919 509 1968 post
537 1913 742 1967 Babingto
787 1912 996 1966 peccavit,
1040 1924 1135 1953 cum
1165 1924 1252 1954 non
1284 1912 1385 1956 ἐπεί
1401 1946 1414 1964 ,
1458 1913 1534 1955 sed
1566 1911 1637 1957 ὅτι

241 1985 459 2040 supplevit.
518 1984 677 2039 Nempe
709 1984 779 2038 qui
811 1984 907 2025 iusti
949 1988 1046 2025 sunt
1084 2007 1141 2016 -
1180 1982 1339 2026 iudices
1380 1984 1634 2037 potissImum

239 2055 428 2110 intelligit
459 2076 518 2084 -
547 2059 705 2098 norunt
734 2054 1000 2109 Polyeuctum
1039 2053 1190 2096 iniuste
1220 2052 1386 2095 faeere:
1416 2065 1514 2094 nam
1539 2052 1636 2095 nihil

243 2128 356 2166 extat
385 2123 498 2178 quod
532 2136 626 2165 cum
656 2124 997 2177 magnanimitate*
1033 2122 1300 2166 Atheniensis
1338 2122 1471 2176 plebis
1512 2135 1636 2165 com-

241 2193 380 2247 parari
408 2193 563 2248 possit,
594 2204 703 2247 quae
733 2192 868 2235 soleat
897 2192 1057 2235 civibus
1088 2192 1268 2246 maligne
1297 2193 1461 2235 vexatis
1492 2193 1635 2236 subsi-

241 2263 312 2305 dio
342 2265 504 2305 adesse.
532 2284 591 2292 —-
620 2262 740 2304 Nunc
770 2267 908 2305 tamen
934 2261 1140 2318 Babingto
1185 2262 1229 2304 in
1266 2262 1413 2304 litteris
1448 2262 1633 2316 affirmat,

242 2345 289 2376 se
320 2331 498 2374 credere
527 2349 599 2376 οτι
629 2333 670 2374 in
701 2344 886 2389 papyro,
918 2332 1037 2375 cuius
1068 2337 1200 2375 totum
1244 2331 1355 2372 hunc
1384 2331 1521 2372 locum
1550 2332 1632 2372 mi-

241 2402 486 2456 oroseopiee
536 2402 788 2457 inspexerit,
846 2408 1002 2445 extare.
1084 2402 1127 2445 Si
1166 2401 1206 2443 id
1254 2402 1310 2443 ita
1355 2407 1440 2457 est,
1488 2397 1633 2445 διότι

243 2474 405 2518 mallem
435 2471 707 2529 scripsissem,

330 2542 398 2599 15,
430 2542 458 2585 4
490 2539 616 2587 οὔτε
647 2539 931 2599 μόναρχος
960 2538 1065 2586 οὔτ’
1097 2544 1290 2599 ἔθνος]
1322 2544 1496 2599 regibus
1529 2544 1632 2586 bar-

240 2613 351 2656 baris
382 2614 569 2657 civitates
598 2613 753 2656 liberas
774 2613 927 2667 iungit,
957 2626 995 2655 v.
1012 2613 1262 2669 interpretes
1288 2614 1339 2656 ad
1357 2614 1521 2657 Sallust.
1545 2613 1632 2655 Cat.

244 2682 311 2738 10,
324 2681 360 2726 1.
390 2681 643 2736 scripturam
658 2696 682 2726 a
691 2695 758 2726 me
768 2682 995 2738 repositam
1007 2683 1050 2725 in
1064 2684 1155 2738 ipso
1167 2696 1325 2739 papyro
1338 2689 1482 2726 extare
1493 2682 1632 2726 video.

330 2755 438 2813 15,8
476 2756 704 2809 Τίσιδος
725 2758 826 2802 τοῦ
843 2753 1014 2815 Ἀγρυ
1031 2758 1141 2814 λῆθ
1156 2756 1231 2814 εν]
1252 2758 1386 2801 Homo
1404 2759 1634 2810 obscurus;
