1795 3218
231 273 346 304 xvur
667 258 1181 303 PRAEFATIO.

230 386 277 429 in
310 386 589 440 singulorum
627 385 722 429 fere
758 384 1084 430 vocabulorum
1129 388 1172 427 et
1208 394 1366 428 eorum
1402 384 1623 433 rariorum
1668 442 1673 445 ῃ

231 480 316 512 usu
353 469 556 512 abusuve
593 467 805 521 vertitur,
860 467 907 510 in
944 476 1034 522 quo
1069 466 1145 510 ille
1177 478 1286 511 sane
1316 466 1463 512 minus
1499 465 1626 508 vide-

231 550 304 593 tur
338 550 554 594 delicatus
593 549 756 605 fuisset,
790 560 925 605 quam
956 549 1028 592 vel
1063 549 1218 604 Lysias
1251 550 1323 593 vel
1358 547 1626 595 Demosthe-

231 643 325 674 nes.
397 631 495 674 Huc
531 631 667 686 igitur
702 632 892 676 recurrit
931 633 975 675 et
1018 630 1231 675 Libanius
1277 630 1323 674 in
1360 632 1625 685 argumento

229 712 451 756 orationis
484 709 588 764 περὶ
621 709 712 752 τῶν
743 704 859 763 πρὸς
888 704 1200 763 Ἀλέξανδρον
1229 708 1495 763 awannam.-
1526 701 1625 751 Οὐκ

228 790 375 833 ἔοικεν
404 786 428 832 ὁ
460 787 594 844 λόγος
627 785 743 833 navo}
775 784 862 844 τὴν
903 787 1035 831 ἰδέαν
1072 795 1168 835 τοῖς
1208 784 1366 835 ἄλλοις
1409 797 1502 838 τοῖς
1543 788 1629 834 τοῦ

228 861 588 916 Δημοσθένους,
628 857 744 906 ἄλλοέ
776 862 836 920 τῷ
864 858 1135 916 ‘Ynspst'd‘ov
1163 859 1408 917 χαρακτῆρι
1441 860 1625 914 μᾶλλον

229 941 475 992 προςχωρεῖ
503 927 560 977 τά
594 951 644 978 τε
678 931 793 979 ἄλλα
826 933 897 977 καὶ
929 931 1065 982 λέξεις
1090 927 1225 980 τινὰς
1259 934 1347 992 ἔχει
1380 930 1477 976 κατ’
1508 934 1626 978 ἐκεῖ-

227 1021 314 1049 νον
343 1007 528 1061 μᾶλλον
558 1008 803 1063 εἰρημένας
833 1003 863 1062 ἢ
895 999 978 1049 τὸν
1010 1004 1347 1062 Δημοσθένην,
1378 1004 1477 1050 οἷον
1507 999 1625 1048 νεό-

228 1077 486 1120 πλουτοι
519 1078 593 1122 καὶ
626 1074 1131 1135 βδελυρεύσεται.
1203 1081 1299 1127 Nae
1344 1083 1419 1127 ille
1466 1084 1623 1126 beatus

228 1151 481 1205 praedicari
518 1152 677 1205 debet,
713 1153 751 1195 si
787 1152 856 1194 his
893 1152 1031 1195 modo
1069 1152 1317 1208 quisquiliis
1360 1165 1388 1197 a
1425 1152 1625 1196 castitate

227 1231 546 1283 Demosthenis
601 1234 908 1276 distinebatur.
990 1233 1104 1277 Nam
1146 1235 1230 1277 ista
1273 1233 1496 1283 vocabula
1539 1245 1623 1276 suo

228 1312 409 1366 quidem
446 1314 550 1357 loco
585 1314 733 1369 posita
769 1313 867 1368 quis
898 1313 1008 1356 recti
1038 1312 1190 1356 iudicii
1225 1306 1365 1356 homo
1395 1314 1625 1369 vitupera-

226 1393 324 1435 hit?
398 1392 486 1436 Sed
522 1394 657 1436 fuerit
692 1405 802 1435 sane
838 1393 1084 1447 Hyperides
1134 1394 1180 1435 in
1229 1394 1506 1447 singulorum
1544 1394 1625 1442 de-

227 1472 345 1515 lectu
381 1474 622 1516 verborum
652 1474 799 1516 minus
837 1484 973 1528 quam
1009 1473 1084 1516 alii
1121 1473 1304 1529 suppari
1340 1476 1485 1517 aetate
1516 1485 1622 1517 ora-

226 1555 347 1596 tores
383 1555 630 1608 sollicitus‚
667 1555 731 1597 uti
767 1566 823 1597 ne
861 1554 1057 1607 evitandi
1090 1554 1236 1597 hiatus
1272 1554 1453 1609 quidem
1483 1555 1624 1610 pusil-

228 1636 320 1677 lum
358 1636 555 1678 studium
592 1648 784 1691 usquam
819 1635 1047 1690 reperias:
1084 1635 1130 1678 in
1162 1635 1233 1678 his
1266 1628 1482 1685 λογιδίοις
1517 1647 1622 1690 per-

226 1729 396 1770 pauca,
441 1729 558 1771 quae
594 1728 833 1759 censuram
876 1717 1162 1766 mereantur,
1219 1715 1472 1766 investiges.
1553 1715 1622 1757 Ex

227 1810 319 1852 quo
356 1809 523 1852 genere
559 1800 663 1841 sunt
700 1791 965 1836 καθέστακα
1011 1799 1055 1840 et
1073 1789 1290 1849 σχοίησαν
1318 1795 1494 1842 formae
1517 1798 1621 1840 ante

225 1878 508 1933 Hyperiden,
545 1878 668 1932 quod
699 1878 930 1929 norimus,
976 1889 1071 1920 non
1114 1879 1356 1934 usurpatae
1377 1871 1426 1935 *).
1506 1877 1620 1923 Nam

228 1972 344 2015 quae
376 1960 706 2014 Babingtonem
728 1959 1082 2002 sollicitaverunt
1112 1957 1346 2010 voeabula,
1372 1949 1624 2009 ὄρεωκὸμος

228 2043 272 2083 et
306 2030 475 2090 ὠφελία
511 2053 555 2095 p.
577 2035 624 2092 6,
653 2035 702 2094 4,
738 2051 828 2082 non
866 2039 963 2082 sine
997 2039 1292 2083 haesitatione
1327 2040 1531 2092 tolerata,
1566 2052 1623 2084 ne

225 2120 427 2175 indigent
449 2121 630 2176 quidem
653 2121 806 2164 venia:
834 2121 1026 2163 alterum
1058 2121 1104 2163 iu
1136 2120 1318 2164 scholiis
1342 2133 1386 2176 p.
1400 2114 1621 2174 68tueor,

224 2191 391 2252 ὠφελία
428 2201 576 2244 forma
613 2214 640 2245 a
675 2202 901 2245 veteribus
936 2201 1159 2255 magistris
1185 2201 1337 2255 agnita
1363 2213 1484 2245 nune
1509 2213 1621 2246 cou-

301 2348 333 2393 *)
357 2345 418 2383 Ad
447 2358 491 2383 ea
516 2357 611 2393 quae
637 2357 673 2392 p.
685 2345 733 2382 50
759 2344 833 2380 dixi
857 2344 950 2380 adde
970 2342 1178 2380 Axiochum
1200 2343 1295 2381 370⁸
1320 2343 1502 2391 (514,·27
1514 2341 1621 2383 Bek-

225 2406 318 2452 ker.)
345 2408 393 2445 εἰς
417 2403 625 2442 τούναντίον
650 2418 693 2446 με
718 2406 1053 2450 περιέστακας,
1078 2402 1144 2439 ubi
1168 2402 1250 2439 cod.
1281 2414 1413 2440 recens
1439 2406 1622 2449 περιέστη-

224 2479 301 2505 σας.
349 2463 449 2510 Quid
473 2464 573 2513 quod
600 2462 697 2511 apud
723 2462 845 2512 ipsum
871 2461 1159 2500 Demosthenem
1184 2461 1341 2512 Philipp.
1364 2462 1400 2506 3,
1426 2461 1475 2500 26
1499 2462 1620 2509 p.117

223 2523 397 2561 Reiskius
424 2535 469 2560 ex
493 2521 648 2571 Dionys.
687 2522 732 2559 de
771 2522 901 2559 admir.
925 2522 961 2559 vi
987 2521 1094 2559 Dem.
1129 2534 1164 2570 p.
1196 2522 1309 2564 1120,
1335 2522 1357 2559 9
1384 2520 1517 2557 edidit=
1560 2518 1621 2560 τᾰς

222 2586 340 2625 πόλεις
364 2582 485 2620 αὐτῶν
507 2582 794 2633 παρῄρηται
818 2587 899 2620 καὶ
923 2585 1286 2631 τετραδαρχίας
1307 2585 1621 2636 καθέστακεν.

222 2659 291 2696 pro
330 2657 405 2697 quo
443 2645 527 2681 libri
565 2645 719 2681 oratoris
760 2649 982 2692 κατέστησεν.
1056 2644 1105 2681 At
1140 2644 1344 2692 perfectum
1382 2642 1518 2680 rectius
1555 2648 1620 2693 est.

223 2704 401 2753 Exempla
427 2703 671 2753 posteriorum
698 2702 919 2752 scriptorum
959 2717 992 2743 v.
1023 2704 1120 2752 apud
1158 2701 1327 2739 Dindorr.
1360 2700 1469 2740 Thes.
1495 2701 1619 2749 Steph.

224 2765 288 2809 lV,
321 2766 405 2805 792.
