1795 3218
217 252 286 300 50
710 252 1096 321 scHoLiA.

217 375 316 432 δρες
345 368 466 433 ἦσαν
496 378 538 419 οἱ
571 372 965 432 προφητεύοντες,
994 374 1190 432 ὕστερον
1219 369 1261 420 δ’
1277 369 1623 434 ἀπεδείχθησαν

214 453 332 501 ’τρεῖς
361 454 541 502 γραῖαι,
569 440 726 502 ἐπειδὴ
758 445 830 489 καὶ
862 442 1069 494 σύνναος
1084 446 1145 504 τῷ
1166 442 1622 503 Διῒπροςαηόδείχθη

216 516 286 560 καὶ
316 511 345 572 ἡ
377 512 541 570 Διώνη.
619 514 759 558 schol.
793 513 943 570 Odyss.
974 531 1019 572 y,
1049 512 1102 558 91
1138 515 1213 560 καὶ
1246 509 1276 572 ἦ
1309 511 1439 569 ’Ἠρα
1470 509 1622 568 Διώνη

217 583 345 642 napo}
379 584 683 636 Δωδωναίοις,
710 582 1164 643 destruendumque.
1222 585 1341 629 Unde
1371 586 1413 627 in
1437 582 1619 627 oraculis

215 654 463 697 Dodonaeis
493 667 625 710 saepe
656 668 750 697 cum
781 655 884 698 Iove
914 657 1184 711 coniungitur
1211 656 1372 710 Diona,
1411 651 1621 697 Demosth-

214 724 312 767 Mid.
343 723 444 780 531,
477 724 545 767 20.
580 725 623 766 F.
651 724 752 779 Leg.
784 724 884 781 437,
919 724 986 768 10.
1008 727 1139 780 ,epist
1173 724 1200 766 4
1231 738 1270 780 p.
1302 724 1428 780 1487,
1462 724 1501 767 2.
1535 722 1616 765 Cir.

214 794 451 837 Buttmanni
484 807 691 838 excursus
719 800 815 850 post
844 795 1063 838 Midianam
1093 795 1121 838 3
1153 800 1194 838 et
1224 794 1251 837 4
1282 809 1321 850 p.
1359 793 1443 838 123
1474 806 1567 849 sqq.

307 863 376 920 12,
406 864 436 915 8
466 868 524 910 ἐν
554 875 676 914 ταῖς
706 865 1044 922 ἐπιστολαῖς]
1087 878 1192 920 quas
1220 866 1417 921 plurimas
1456 864 1621 919 scripsit

216 933 438 990 Olympias.
510 935 610 978 Pars
641 935 711 977 vel
741 936 783 976 in
820 926 1185 990 grammaticorum
1224 947 1373 978 manus
1411 937 1621 977 venerunt

216 1009 527 1059 super-suntque
558 1004 764 1059 quaedam
792 1001 954 1046 illarum
984 1005 1206 1060 reliquiae,
1248 1016 1353 1059 quas
1384 1003 1620 1058 composuit

214 1073 274 1116 lo.
305 1073 455 1117 Christ.
488 1073 664 1117 Wolfius
695 1074 736 1115 in
768 1073 985 1116 Mulierum
1016 1086 1207 1130 graecar.
1240 1074 1428 1130 fragmm.
1448 1080 1490 1117 et
1506 1074 1618 1129 elog.

218 1157 257 1198 p.
293 1143 378 1186 150
409 1156 502 1199 sqq.

306 1220 375 1276 12,
404 1222 432 1264 9
472 1217 677 1280 ἦχώρα
710 1223 802 1277 εἴη
830 1217 860 1278 ἦ
898 1223 1187 1267 Μολοσοία
1223 1220 1421 1277 αὐτῆς]
1457 1222 1616 1276 Quippe

215 1292 424 1347 Olympias
465 1290 731 1346 Neoptolemi
773 1291 888 1346 regis
929 1289 1189 1346 Epirotarum
1229 1292 1335 1347 filia,
1376 1290 1617 1347 Alexandri,

217 1363 288 1416 qui
315 1368 413 1415 post
444 1361 557 1402 illum
587 1361 803 1415 regnavit,
843 1372 970 1402 soror
1013 1360 1102 1403 fuit.
1182 1362 1437 1404 Acciderunt
1479 1366 1615 1403 autem

213 1431 295 1474 hae
324 1443 396 1474 res
439 1441 492 1473 eo
532 1434 723 1483 tempore
763 1441 847 1484 quo
889 1430 1145 1473 Alexander·
1175 1432 1216 1473 in
1256 1430 1420 1474 Asiam·
1445 1429 1614 1473 abierat.

301 1511 357 1551 ib.
401 1506 602 1554 οὔκουν
649 1508 940 1564 προσῆκεν]
991 1508 1105 1550 Cave
1156 1510 1223 1551 vel
1272 1506 1488 1566 προσήκοι
1547 1508 1615 1550 vel

214 1574 462 1637 προσήκειν
491 1578 718 1621 coniectes.
780 1578 1014 1634 Hyperides
1046 1579 1151 1622 haec
1180 1581 1260 1622 iam
1288 1592 1372 1622 non
1397 1592 1452 1622 ex
1480 1574 1613 1634 parti-

214 1649 307 1691 cula
342 1643 400 1696 ὥς
430 1648 671 1701 suspendit,
712 1647 788 1689 sed
819 1653 1015 1702 tanquam
1059 1650 1147 1702 ipsa
1190 1648 1442 1703 Olympiadis
1482 1647 1613 1689 verba

217 1718 380 1761 recitat.
1520 1717 1523 1720 ’

304 1788 371 1843 12,
407 1785 461 1829 14
493 1788 581 1832 ἐπὶ
613 1788 720 1831 τοῦ
747 1789 1130 1844 γεγενημένου
1160 1790 1334 1845 ἐῶμεν
1364 1785 1461 1834 τοὶς
1490 1803 1613 1845 τρα-

210 1856 408 1913 γῳδίας
438 1851 631 1914 αὐτῆς]
664 1854 703 1897 h.
736 1868 773 1898 e.
805 1852 889 1905 τάς
920 1858 995 1903 ἐπὶ
1034 1860 1123 1904 τοῦ
1158 1859 1471 1916 γεγενημένου
1500 1873 1613 1913 τρα-

210 1924 390 1981 γῳδίας.
463 1924 566 1966 Cum
596 1925 679 1966 hoc
710 1925 918 1967 vocabulo
951 1927 1114 1969 confert
1142 1928 1348 1983 Babingto
1389 1932 1493 1969 orat.
1533 1938 1611 1980 pro

211 1993 417 2050 Lycophr.
454 2008 492 2050 p.
526 1994 597 2051 27,
631 1995 698 2038 19.

301 2066 370 2123 13,
403 2066 430 2108 3
462 2068 550 2112 καὶ
581 2062 644 2111 οὐ
677 2070 732 2112 σὲ
763 2069 870 2123 μὲν
915 2100 960 2109 ..
988 2102 996 2110 .
1024 2068 1050 2124 .]
1092 2069 1206 2112 Haec
1237 2070 1390 2113 acerbe
1433 2069 1612 2111 obvertit

213 2142 359 2180 orator
389 2138 439 2180 iis
472 2149 580 2192 quae
612 2150 738 2192 supra
769 2138 1040 2192 exprobravit
1069 2139 1296 2196 Polyeucto
1330 2153 1371 2196 p.
1398 2140 1438 2195 7,
1469 2138 1497 2181 3
1521 2152 1611 2194 sqq.

300 2206 369 2263 13,
401 2206 429 2249 8
460 2206 798 2262 καθέστακα]
839 2206 934 2250 Νοη
971 2214 1083 2252 extat
1123 2211 1329 2265 antiquius
1376 2208 1611 2264 exemplum

211 2279 334 2321 huius
364 2276 528 2319 formae
563 2276 632 2317 vel
670 2277 1067 2332 plusquamperfecti
1103 2276 1338 2330 ἑστάκειν,
1374 2277 1510 2333 qualia
1555 2290 1609 2319 ex

208 2348 381 2403 Polybio
423 2346 560 2388 Dione
584 2344 731 2400 Chrys.
761 2345 951 2401 Longino
973 2347 1192 2391 Athenaeo
1229 2348 1456 2390 attulerunt
1485 2347 1606 2389 Butt-

208 2429 387 2460 mannus
418 2421 461 2459 et
489 2414 725 2458 Lobeckius
755 2426 820 2470 gr.
852 2427 916 2471 gr.
957 2415 1003 2472 Π,
1036 2414 1123 2460 208
1153 2413 1244 2473 εσ.’
1286 2416 1409 2459 Adde
1447 2414 1500 2458 ex'
1537 2416 1606 2458 in-

210 2488 436 2543 scriptione
466 2486 655 2529 Theraea
686 2484 816 2542 2448,
848 2486 876 2543 Ι,
909 2486 967 2530 27
997 2491 1232 2541 ἑστακεῖα,
1275 2488 1369 2530 coll.
1411 2486 1606 2531 Ahrentis

212 2558 305 2600 dial.
334 2557 435 2598 Dor.
466 2568 506 2610 p.
543 2554 643 2598 346.

299 2623 368 2681 13,
392 2624 421 2667 8
450 2623 858 2682 Ἀριστοφῶντα
890 2623 982 2671 τὸν
1013 2623 1295 2685 Ἀζηνιέα]
1325 2627 1472 2671 Scholl.
1511 2628 1605 2670 Ae-

210 2699 340 2742 schin.
374 2696 577 2739 Timarch.
595 2694 652 2738 64
684 2694 1001 2754 κεκωμῴδηται
1033 2695 1059 2742 ὄ
1085 2692 1370 2754 Ἀριστοφῶν
1400 2695 1459 2746 ὥς
1485 2693 1607 2753 ὑπὲρ

211 2766 429 2827 Χάρητος
467 2766 652 2825 μισθοῦ
691 2766 833 2824 λέγων
874 2766 949 2812 καὶ
1000 2765 1059 2818 ὥς
1100 2763 1384 2825 παρανόμων
1426 2761 1606 2824 γραφήν
