1795 3218
687 258 1076 304 SCHOLIA.
1515 250 1581 300 35

190 381 355 436 quidem
382 380 840 424 Boeckhium.-secutus
852 381 1089 436 Sphettium
1107 380 1230 435 illum,
1261 377 1579 420 celeberrimum

186 457 420 506 oratorem,
441 455 624 504 propter
654 463 853 504 summam
880 451 1162 506 consiliorum,
1194 462 1303 504 quae
1321 448 1578 491 Demosthe-

181 532 257 563 nes
288 519 520 575 Hyperides
537 518 789 574 Polyeuctus
822 521 1048 575 agitaruut,
1068 518 1406 561 communionem
1426 518 1575 559 merito

182 590 314 631 reiicit
346 594 388 630 et
417 593 564 630 contra
595 587 860 643 Cydantidam
891 590 1161 643 Polyeuctum
1191 587 1370 629 habitam
1399 587 1578 628 ultimam

185 659 420 702 orationem
450 670 549 702 essev
577 663 693 710 certe
724 659 947 702 verisimile
977 658 1068 700 fieri
1100 670 1155 700 ex
1184 657 1233 700 fr.
1270 655 1289 698 1
1326 656 1448 712 apud·
1464 657 1577 699 Har-

183 733 341 782 pocrat.
382 739 416 770 s.
453 741 494 770 v.
538 727 829 784 Κυδαντίδης
871 729 1085 772 observat:
1116 724 1381 784 ’Υπερείὃης
1423 730 1473 772 ἐν
1517 725 1578 787 τῷ

185 793 300 853 πρὸς
346 791 661 842 Πολύευκτον·
719 798 811 845 ἐστὶ
865 800 947 855 τῆς
996 798 1215 856 Αἰγηίδος
1268 796 1575 842 Κυδαντίδαι.

183 866 308 909 Addit
337 866 570 909 Boeckhius
601 879 656 910 ne
686 867 869 921 reliquas
899 869 1064 922 quidem
1103 869 1318 910 orationes
1360 868 1412 908 ad
1452 868 1575 909 alium

184 937 316 985 videri
344 936 607 992 pertinuisse.
667 936 757 979 Nec
787 937 1032 979 coniectura
1063 937 1178 980 tenui
1200 949 1302 980 sane
1325 943 1576 992 argumento

184 1006 347 1047 suffulta
377 1006 565 1048 homines
596 1006 796 1060 egregios
826 1006 982 1048 fefellit.
1050 1006 1153 1047 Nam
1183 1006 1414 1059 Euxenippi
1445 1018 1576 1048 accu-

184 1080 367 1118 satorem
398 1073 667 1130 Cydantidam
697 1074 854 1130 fuisse,
887 1086 971 1117 non
990 1108 1001 1130 ,
1040 1074 1151 1129 quod
1184 1073 1320 1116 editor
1352 1073 1574 1116 Cantabri-

184 1145 340 1199 giensis
370 1144 448 1186 sibi
478 1145 706 1198 persuasit,
738 1144 987 1198 Sphettium‚
1018 1145 1137 1186 cuius
1168 1144 1372 1198 quaedam
1414 1146 1576 1186 oratio-

183 1226 282 1256 num
311 1213 512 1269 reliquiae
554 1218 730 1255 aetatem
770 1213 971 1269 tulerunt,
1016 1214 1254 1267 planissime
1296 1214 1423 1256 docet
1463 1215 1575 1268 quod

182 1297 221 1339 p.
241 1284 395 1340 7‚5sq.
412 1284 576 1339 legitur.
617 1284 868 1339 Polyeuctus
899 1286 1006 1327 enim
1039 1285 1263 1339 aliquando
1282 1286 1324 1327 in
1345 1286 1410 1329 ius
1436 1297 1574 1328 voca-

182 1361 248 1398 tus
279 1368 334 1398 ex
357 1354 548 1410 Aegeide
578 1356 688 1397 tribu
733 1355 879 1397 decem
912 1356 989 1398 sibi
1027 1356 1255 1399 advocatos
1296 1356 1419 1411 legit,
1465 1357 1574 1399 inter

182 1436 290 1478 quos
319 1423 551 1478 Hyperides
594 1424 690 1476 fuit3
734 1423 988 1478 Cydantidae
1025 1430 1162 1467 autem
1191 1437 1327 1479 pagus
1357 1425 1462 1468 illius
1492 1427 1573 1467 tri-

180 1495 258 1537 bus
276 1493 365 1536 fuit.
411 1493 547 1536 Homo
569 1500 918 1537 commemoratur
936 1495 976 1536 in
1004 1495 1122 1537 titulo
1146 1495 1357 1537 Piraeensi
1373 1494 1573 1537 Boeckhii

180 1563 269 1606 Xlll
298 1576 322 1604 a
352 1562 409 1604 37
431 1576 471 1617 p.
488 1562 574 1605 423
604 1570 800 1618 tanquam
831 1570 979 1608 auctor
1007 1565 1208 1618 plebisciti
1238 1565 1397 1619 Olymp.
1433 1564 1571 1621 113‚3

179 1635 335 1690 scripto
366 1639 409 1676 et
442 1634 550 1689 apud
580 1635 834 1678 Dinarchum
866 1635 1153 1679 inssDemosth.
1183 1633 1240 1677 58
1269 1648 1309 1690 p.
1327 1634 1384 1677 97
1413 1630 1570 1680 Πολύ·

179 1720 340 1751 ευκτον
369 1703 451 1749 τὸν
482 1705 779 1764 Κυδαντίδην
819 1708 901 1752 τοῦ
933 1706 1084 1764 δῆμου
1118 1696 1460 1763 προστάξαντος
1493 1710 1572 1762 ζη-

178 1777 309 1832 τῆσαι
347 1770 435 1830 την
480 1771 683 1832 βουλήν,
724 1779 766 1820 εἰ
805 1778 1071 1836 συνέρχεται
1119 1784 1210 1824 τοῖς
1265 1773 1466 1833 φυγάσιν
1505 1778 1571 1823 εἷς

181 1845 395 1900 Μέγαρα,
424 1846 497 1888 καὶ
534 1842 795 1900 ζητήσασαν
830 1842 1070 1904 ἀποφῆναι
1102 1842 1218 1902 πρὸς
1257 1844 1408 1900 ὑμᾶς,
1452 1841 1568 1889 οἷπέ-

178 1930 324 1971 φηνεν
367 1907 397 1969 ἦ
436 1909 583 1971 βουλή
633 1915 853 1960 συνιέναι.
892 1912 1174 1973 κατηγόρους
1215 1918 1399 1960 εἵλεσθε
1452 1909 1567 1958 κατοέ

175 1978 286 2032 τούς
315 1981 509 2039 νόμους,
539 1984 760 2040 εἰσῆλθεν
792 1988 858 2036 εἰς
888 1981 940 2028 τὸ
970 1984 1279 2042 δικαστήριον,
1310 1978 1567 2028 ἀπελύσαθ’

175 2050 305 2107 ὑμεῖς
334 2047 680 2110 ὁμολογοῦντος
713 2050 1012 2100 Πολυεύκτου
1039 2053 1244 2112 βαδίζειν
1275 2056 1340 2102 εἰς
1371 2052 1565 2108 ΛῙὲγαρα

175 2118 233 2170 ὥς
262 2119 339 2164 τὸν
375 2117 681 2179 Νικοφάνην·
712 2126 832 2182 ἔχειν
860 2120 952 2180 γάρ
973 2121 1063 2180 την
1085 2119 1229 2169 αὐτοῦ
1248 2123 1425 2180 μητέρα
1453 2124 1565 2167 τοῦ-

175 2207 273 2237 τον.
333 2190 398 2233 Ad
431 2191 609 2233 eundem
639 2192 911 2248 Polyeuctum
942 2194 1193 2247 pertinuisse
1216 2194 1450 2236 orationem
1472 2193 1564 2235 De-

175 2262 401 2305 mosthenis
434 2257 548 2325 ῃρός
584 2260 878 2309 Πολύευκτον
923 2261 1232 2322 παραγραφή,
1277 2277 1386 2319 quae
1431 2266 1562 2319 periit,

175 2333 408 2389 suspicatur
438 2332 730 2377 Boebneckius
774 2331 961 2385 Quaestt.
996 2340 1117 2378 oratt.
1150 2334 1272 2377 Attio.
1305 2347 1343 2387 p.
1363 2333 1462 2388 643,
1492 2334 1562 2375 ubi

173 2404 425 2459 Polyeuctos
456 2406 764 2452 accuratissime
794 2412 1002 2449 recenset.
1069 2405 1261 2446 Ceterum
1294 2404 1563 2459 Cydantidam

174 2473 310 2517 fuisse
348 2474 557 2517 hominem
603 2480 817 2517 versutum
865 2481 907 2517 et
951 2475 1022 2529 qui
1063 2486 1155 2516 cum
1197 2473 1361 2516 dicendi
1401 2479 1562 2529 peritus

175 2549 289 2584 esset
317 2544 438 2586 facile
467 2545 690 2586 universae
722 2544 876 2587 civitati
917 2545 1089 2599 negotia
1127 2544 1358 2588 facesseret
1390 2551 1563 2588 testatur

174 2614 406 2670 Hyperides
437 2629 476 2671 p.
510 2615 548 2673 7,
583 2614 636 2658 16
657 2613 710 2673 ἢ.

270 2784 297 2832 ')
338 2783 438 2821 Inter
475 2785 714 2832 cognomines
757 2784 899 2824 Atticos
937 2786 1104 2824 homines
1155 2787 1249 2823 illius
1295 2787 1420 2824 aetatis
1467 2794 1563 2825 extat
