1795 3218
200 247 267 298 58
705 248 1104 298 SCHOLIA.

197 373 354 417 rettulit
383 373 590 416 Pollucem
621 372 661 430 9,
677 373 735 417 56
765 376 816 419 ἐν
845 373 904 433 τῷ
924 369 1196 429 ’Υπερείδου
1215 367 1337 431 ὑπὲρ
1352 370 1599 430 Λυκόφρο-4

197 459 280 494 νος
304 435 445 500 εὗρον
474 444 824 501 γεγραμμένον·
858 438 920 498 »ἢ
950 442 1205 499 νεωρίων
1236 441 1540 500 προδοσίαν
1570 438 1599 498 ἢ

198 509 445 572 οἷρχείων
496 508 875 568 ἐμπυρισμὸν
920 506 950 566 ἢ
993 509 1336 569 κατάληψιν
1373 508 1600 568 ἄκρας.“

196 581 276 625 Ubi
306 581 358 624 ad
388 582 668 637 integritatem
697 580 932 624 sententiae
963 578 1116 623 deesse
1137 581 1362 624 arbitratur
1385 579 1464 623 hoc
1486 579 1599 623 fere:

196 650 503 709 εἰσαγγέλλειν
519 648 617 713 χρή,
642 648 700 696 ov'
724 650 889 708 μέντοι
917 648 1106 695 τοιοῦτό
1126 668 1172 696 τι
1195 651 1461 710 νεανίευμα.
1489 651 1600 694 For-

197 723 305 766 sitan
350 726 494 764 recte:
542 721 618 765 sed
649 717 686 765 si
716 721 953 764 orationem
981 718 1296 774 Euxenippeam
1338 722 1601 777 comparabis

196 804 237 846 p.
254 790 295 847 3,
321 790 349 832 6
371 795 414 834 et
432 789 487 834 16
498 788 669 848 (οὕτως
682 785 806 846 ύπὲρ
820 786 1035 847 μεγάλων
1052 785 1345 846 ἀδικημάτων
1373 791 1448 837 καὶ
1478 807 1602 848 περι·

199 863 361 919 φανῶν
400 865 448 907 αἱ
489 860 770 917 εἰσαγγελίαι
811 855 937 903 τότε
973 852 1134 916 ἦσαν),
1177 860 1337 904 rectius
1367 860 1600 916 supplebis:

196 929 302 978 τότε
330 931 400 975 vel
429 926 483 976 τό
514 927 738 989 πρότερον
770 928 1085 987 εἰσήγγελλον,
1111 932 1246 974 secuti
1267 932 1322 974 illi
1348 930 1432 978 τόν
1449 934 1598 989 εἰσαγ-

196 1000 406 1058 γελτικὸν
446 995 624 1057 νόμον,
671 999 743 1055 qui
774 1003 837 1043 est
866 998 1099 1054 Euxenipp.
1131 1012 1171 1055 p.
1203 1000 1254 1057 5,
1286 999 1337 1044 11
1360 1014 1454 1057 sqq.
1529 1002 1600 1044 Illa

198 1076 339 1113 autem
376 1069 655 1124 reprehensio
697 1068 918 1123 Hyperidis
955 1069 1096 1112 locum
1126 1070 1169 1111 iu
1210 1072 1431 1124 prooemio
1460 1072 1530 1114 vel
1557 1072 1600 1114 in

196 1145 341 1200 priore
371 1148 490 1187 certe
519 1148 639 1198 parte
663 1142 922 1186 defensionis
950 1141 1107 1200 habuit,
1136 1156 1312 1199 prorsus
1343 1146 1449 1190 utin
1468 1158 1602 1189 exor-

199 1215 268 1257 dio
302 1214 513 1270 gemellae
542 1214 744 1256 orationis
778 1213 1078 1268 Euxenippeae
1117 1215 1295 1258 abusum
1332 1216 1414 1270 τῆς
1443 1219 1601 1273 εἰσαγ-

196 1284 352 1341 γελίας
382 1284 567 1339 exagitat
596 1281 842 1339 Hyperides.

285 1374 459 1416 Praeter
493 1372 602 1416 haec
639 1372 822 1415 Meierus
861 1371 1095 1427 suspicatus
1137 1377 1222 1429 est,
1262 1370 1405 1431 ὕβριν
1435 1373 1600 1428 Lycur-

199 1444 293 1498 geis
339 1443 600 1486 orationibus
640 1441 891 1484 vindicatam
930 1441 973 1483 in
1013 1446 1160 1497 stupro
1188 1443 1445 1498 constitisse,
1488 1442 1602 1497 quod

199 1514 326 1556 fuerit
356 1513 516 1555 homini
545 1512 683 1554 libero
714 1511 883 1554 illatum.
957 1510 1004 1552 In
1036 1511 1236 1554 alterutra
1267 1512 1378 1553 enim
1408 1512 1601 1554 oratione

197 1582 420 1638 Lycurgea
462 1581 595 1624 videri
634 1580 789 1623 lectum
830 1591 928 1624 esse
966 1579 1106 1622 locum
1137 1592 1412 1637 communem,
1444 1592 1529 1636 quo
1559 1581 1602 1622 in

199 1652 405 1694 moechos
448 1652 621 1705 copiose
662 1656 705 1692 et
746 1650 932 1705 graviter
971 1650 1162 1692 invectus
1193 1656 1287 1693 erat
1319 1655 1467 1694 orator
1495 1656 1604 1694 teste

198 1721 373 1764 Theone
403 1721 718 1776 Progymnasm.
747 1719 776 1761 2
808 1718 856 1777 (1,
893 1719 977 1763 162
1006 1719 1177 1778 Walz.).
1232 1722 1436 1777 Sauppius
1466 1726 1604 1765 autem

197 1791 521 1846 Lycophronem
562 1790 756 1844 opinatur
796 1794 986 1844 stuprum
1026 1790 1179 1846 virgini
1218 1788 1444 1849 ἐπικλήρῳ
1485 1792 1603 1834 intu-

198 1863 298 1906 lisse
312 1896 323 1918 ‚
368 1874 494 1916 quam
533 1861 647 1902 illum
687 1860 870 1902 fortasse
908 1860 1100 1915 rapuisse
1147 1865 1189 1902 et
1225 1861 1267 1902 in
1307 1860 1435 1904 domo
1467 1862 1605 1917 aliqua

199 1932 361 1986 privata
395 1935 603 1973 retentam
640 1934 869 1983 stupratam
912 1941 1023 1972 esse.
1084 1929 1149 1971 De
1188 1929 1352 1984 virgine
1382 1930 1483 1972 nihil
1513 1936 1604 1974 est:

198 2001 415 2060 μοιχείαν
443 2000 663 2043 verissime
694 1999 869 2054 agnovit
902 1998 1101 2054 Meierus,
1131 1997 1207 2040 cfr.
1237 2010 1279 2053 p.
1311 1998 1389 2051 28,
1420 1999 1478 2042 20
1499 2012 1607 2062 sqq„

200 2070 277 2113 sed
307 2069 529 2112 moecham
557 2080 740 2111 uxorem
771 2067 945 2111 alicuius
975 2066 1238 2111 civisffuisse
1267 2068 1391 2112 hodie
1409 2069 1606 2113 discimus

201 2153 257 2183 ex
286 2151 325 2194 p.
358 2137 429 2181 24.
491 2137 658 2186 Scilicet
688 2138 742 2181 de
772 2149 934 2194 genere
965 2150 1143 2182 caussae
1168 2137 1371 2183 Meierum
1399 2145 1445 2184 et
1464 2140 1604 2196 Saup-

199 2211 314 2265 pium
343 2213 656 2263 praeconcepta
696 2208 903 2263 quaedam
934 2208 1075 2263 opinio
1118 2208 1253 2253 elusit.
1323 2209 1467 2253 Fidem
1496 2211 1606 2253 euim

200 2280 441 2322 habuerunt
469 2278 808 2334 Harpocrationi,
839 2280 911 2333 qui
950 2281 1000 2322 αἱ
1028 2278 1113 2334 τῆς
1141 2272 1372 2328 κακώσεως
1401 2280 1607 2337 εἰσαγγε-

200 2350 320 2403 λίαι,
349 2348 505 2404 inquit,
536 2348 597 2408 τῷ
638 2344 845 2392 διώκοντι
874 2342 1061 2404 ἀζήμιοι
1080 2375 1092 2398 ,
1135 2343 1225 2391 κᾶν
1260 2343 1331 2405 μή
1360 2344 1608 2406 μεταλάβῃ

201 2416 254 2465 τὸ
293 2418 515 2475 πέμπτον
550 2416 693 2473 μέρος
732 2416 827 2462 τῶν
855 2413 1040 2473 ψήφων,
1080 2415 1156 2459 cfr.
1187 2415 1351 2459 Isaeum
1380 2417 1435 2460 de
1463 2417 1604 2472 Pyrrh·

203 2488 260 2531 47
301 2493 342 2531 et
388 2486 442 2529 de
478 2485 613 2541 Hagn.
652 2483 706 2527 31
756 2485 899 2540 ibique
938 2484 1275 2529 Schoemannum
1307 2497 1347 2541 p.
1379 2483 1480 2528 470.
1550 2487 1607 2530 At

202 2558 349 2601 Pollux
377 2562 517 2599 tamen
547 2556 749 2598 universe
785 2555 973 2610 loquitur
1002 2555 1029 2597 l.
1062 2568 1099 2599 c.
1131 2556 1329 2611 additque
1360 2554 1606 2611 Theophra-

202 2635 268 2674 sto
299 2632 473 2671 auctore
514 2623 626 2676 τούς
669 2625 1049 2683 εἰσαγγέλλοντας
1087 2622 1154 2684 μή
1184 2621 1478 2682 ἀτιμοῦσθαι
1504 2628 1610 2683 μὲν,
1676 2667 1679 2670 ,

203 2698 358 2757 ὀφλεῖν
391 2696 439 2741 δὲ
470 2691 556 2746 τοὶς
585 2695 758 2754 χιλίας.
798 2698 915 2739 ε’ὀικε
948 2694 999 2740 δὲ
1027 2696 1168 2740 τοῦτο
1196 2690 1274 2739 «ted
1304 2693 1417 2745 ’τούς
1449 2693 1610 2754 ῥᾳδίως

204 2766 587 2825 εἰσαγγέλλοντας
613 2761 812 2822 ὕστερον
843 2762 959 2820 (post
988 2763 1227 2820 Hyperiden
1260 2763 1377 2818 dicit)
1421 2777 1611 2821 προσγε-
