1795 3218
187 292 254 342 40
726 298 1116 343 SCHO-LIA.

185 430 222 470 p.
252 415 336 459 198
370 414 720 472 Καλλιστράτου
752 416 967 463 θάνατον
996 419 1025 476 ἦ
1056 416 1189 467 πόλις
1219 416 1434 475 κατέγνω,
1466 418 1579 474 quod

185 486 338 530 factum
380 485 548 530 est-Ol.
589 484 691 542 104,
727 486 768 544 3,
806 502 846 532 v.
887 489 1072 533 Boeckh.
1118 499 1269 532 oecon.
1315 488 1393 530 civ.
1432 487 1516 531 Att.
1551 489 1580 544 Ι,

188 571 227 612 p.
257 554 367 600 321:
401 557 477 600 sed
507 557 687 601 delatum
718 559 849 603 fuisse
879 560 1138 619 εἰσαγγελίᾳ
1169 559 1443 603 Callistratum
1483 563 1582 601 tan-

187 641 311 682 quam
332 623 402 685 μή
422 626 480 673 τὰ
511 628 675 686 ἄριστα
709 631 902 688 λέγοντα
933 632 995 690 τῷ
1024 629 1154 686 δήμῳ
1174 643 1229 674 ex
1257 629 1468 686 Hyperide
1498 630 1579 672 ad-

186 697 395 741 discimus.
457 697 710 742 Schaeferus
742 705 881 743 autem
911 700 1025 756 quod
1058 700 1355 745 Callistrateam
1391 712 1581 743 caussam

188 781 282 811 cum
312 770 579 811 accusatione
624 769 874 812 Leosthenis
928 771 1064 825 aliqua
1108 770 1273 812 ratione
1316 771 1579 813 coniunctam

185 838 316 881 fuisse
350 839 611 896 suspicatur,
643 838 757 882 favet
787 840 1058 883 coniecturae
1088 839 1332 895 Hyperides,
1363 842 1442 884 nisi
1468 841 1581 894 quod

186 908 448 951 Leosthenes
479 909 534 951 ob
567 921 657 951 rem
676 909 783 952 male
799 914 978 965 gestam,
1002 900 1260 969 Callistratus
1286 908 1399 964 quod
1420 908 1581 952 orando

187 977 481 1022 detrimentum
512 978 718 1022 attulisset
747 980 904 1035 patriae
935 980 977 1023 in
1006 979 1199 1022 iudicium
1228 984 1404 1022 vocatus
1435 983 1509 1022 est.

278 1071 320 1128 3,
350 1070 379 1114 8
415 1068 611 1117 Φίλωνὸ
643 1075 686 1124 ἐξ
718 1070 935 1129 Ἀναίων]
967 1072 1065 1115 mihi
1094 1072 1249 1128 pariter
1279 1076 1404 1127 atque
1435 1070 1584 1114 editori

188 1142 521 1197 Cantabrigiensi
572 1142 743 1196 ignotus
793 1141 921 1184 homo
971 1148 1047 1186 est.
1126 1141 1258 1191 Quem
1303 1147 1443 1183 tamen
1489 1153 1583 1183 cum

185 1214 333 1256 Anaea
363 1213 452 1268 illa,
482 1225 590 1267 quae
620 1213 722 1255 urbs
753 1212 878 1256 Samo
909 1212 1069 1255 insulae
1103 1213 1293 1267 opposita
1323 1211 1409 1267 fuit,
1433 1212 1582 1254 oriun-

188 1285 286 1326 dum
318 1285 565 1339 arbitratur,
609 1282 771 1324 videtur
807 1295 967 1325 errare.
1043 1283 1147 1325 Nam
1189 1282 1349 1325 etiamsi
1393 1295 1443 1324 ea
1482 1283 1583 1324 urbs

186 1352 393 1395 interdum
424 1349 480 1396 τά
503 1349 683 1396 Ἀναια
716 1351 887 1407 dicitur,
914 1351 956 1395 h.
988 1352 1014 1394 l.
1045 1364 1179 1407 pagus
1210 1352 1369 1394 Atticus
1397 1351 1585 1406 requiri—

189 1428 269 1464 tur.
331 1422 436 1463 Eum
467 1420 564 1461 mihi
594 1419 769 1461 videbar
798 1420 1037 1475 repperisse
1067 1421 1110 1462 in
1140 1420 1256 1463 titulo
1276 1419 1415 1463 Attico
1435 1432 1458 1462 a
1482 1419 1582 1462 Lud.

190 1493 343 1534 Rossio
376 1491 568 1546 prodito,
600 1502 721 1544 quem
753 1489 933 1532 Meierus
964 1491 1005 1532 in
1035 1490 1135 1532 Hali.
1155 1490 1269 1533 ALZ.
1294 1487 1419 1545 1838,
1451 1502 1583 1533 mens.

188 1562 293 1605 Nov.
327 1573 389 1603 nr.
425 1559 509 1603 196
541 1572 578 1615 p.
612 1557 699 1602 353
733 1559 872 1602 edidit.
930 1559 993 1602 Ibi
1025 1560 1134 1602 inter
1170 1560 1341 1603 tribules
1370 1559 1584 1601 Acaman-

191 1632 284 1674 tidis
315 1631 385 1672 lin.
417 1631 443 1672 5
478 1634 832 1673 commemoratur
864 1626 1133 1683 Σώστρατος
1168 1633 1212 1681 ἐξ
1241 1624 1482 1685 Ἀνα....,
1513 1632 1585 1673 ubi

191 1692 434 1755 supplebam
465 1694 689 1743 Ἀναίων
700 1717 715 1752 3
748 1699 823 1741 sed
861 1711 972 1740 nunc
1008 1700 1098 1752 ipse
1127 1699 1301 1742 Rossius
1341 1705 1518 1742 testatur
1544 1702 1586 1741 in

189 1772 296 1814 libro
340 1770 394 1811 de
434 1769 564 1811 demis
610 1768 757 1811 Atticis
802 1783 840 1824 p.
871 1769 941 1824 27,
986 1770 1028 1809 in
1071 1769 1206 1823 lapide
1251 1775 1396 1824 aperte
1441 1774 1587 1811 extare

193 1838 460 1896 Σώστρατος
489 1833 834 1894 Ἀλεξανδρεύς.
895 1840 1034 1894 Ergo,
1066 1840 1145 1881 nisi
1175 1839 1284 1882 forte
1320 1841 1449 1883 verba
1481 1853 1585 1883 cor-

190 1914 312 1963 rupta
344 1913 457 1963 sunt,
483 1905 665 1951 ”Αναια
696 1908 738 1948 in
768 1908 888 1963 pagis
917 1909 1063 1950 Atticis
1090 1908 1261 1963 posthac
1281 1910 1585 1962 numerabitur3

191 1980 254 2021 sin
294 1983 538 2032 corruptum
580 1989 731 2019 nomen
779 1977 1019 2033 habebitur,
1066 1988 1152 2019 non
1195 1978 1319 2020 video
1357 1978 1587 2022 faciliorem

190 2048 437 2091 medicinam
470 2059 594 2102 quam
640 2047 709 2088 vel
753 2043 777 2089 ὁ
810 2043 1069 2097 Αἰξωνεύς,
1113 2045 1181 2089 vel
1226 2044 1251 2090 ὁ
1292 2044 1590 2102 Ἀνακαιεύς,

190 2119 259 2160 vel
290 2119 472 2172 denique
503 2113 527 2160 ὁ
557 2111 837 2160 Ξυπεταιών·

277 2209 333 2250 ib.
370 2206 644 2263 Θεότιμος
673 2201 697 2250 ὁ
727 2202 939 2262 Σηστὸν
971 2201 1256 2265 ἀπολέσας]
1305 2209 1368 2252 De
1387 2210 1509 2253 Sesto
1535 2213 1587 2254 ab

193 2279 409 2334 Abydenis
441 2283 483 2319 et
513 2277 647 2331 Cotye
680 2281 909 2331 occupata,
951 2276 1026 2319 sed
1059 2276 1217 2332 Olymp.
1264 2276 1370 2333 106,
1407 2278 1434 2321 3
1468 2281 1534 2323 vel
1561 2280 1587 2322 4

193 2362 216 2390 a
248 2348 429 2389 Charete
470 2351 641 2399 recepta
683 2346 779 2387 vide
819 2345 992 2387 Weberi
1028 2346 1355 2390 Aristocrateam
1405 2362 1445 2404 p.
1488 2350 1586 2393 452.

193 2420 254 2461 De
285 2417 505 2468 Theotimo
539 2415 705 2458 aliunde
736 2426 822 2457 non
854 2414 1019 2457 videtur
1056 2422 1263 2461 constare.

283 2506 323 2561 3,
358 2504 425 2549 15.
468 2499 553 2549 ἄπ’
587 2504 928 2561 εἰσαγγελίας
960 2499 1081 2550 ‘tevai
1114 2506 1466 2564 κρινόμενον]
1496 2509 1589 2553 Ae-

197 2576 364 2619 schines
396 2577 437 2617 in
470 2575 649 2628 ctesiph.
682 2574 737 2616 52
769 2588 809 2629 p.
835 2573 938 2616 440:
970 2573 1055 2620 οὐκ
1085 2574 1289 2631 ὤκνησεν
1318 2571 1397 2620 ἀπ’
1437 2581 1590 2637 εἰσαγ-

195 2646 351 2700 γελίας
396 2638 544 2688 αὐτοῦ
595 2644 867 2700 κρινομένου
922 2647 1024 2702 περὶ
1083 2644 1296 2691 θανάτου
1342 2647 1592 2705 κατήγορος

195 2715 437 2771 γενέσθαι.

286 2799 335 2854 3,
378 2797 432 2841 16
471 2796 872 2844 ὑπακούσαντα
920 2802 998 2849 εἰς
1045 2795 1105 2843 τὸ
1147 2797 1512 2857 δικαστήριον]
1555 2801 1593 2844 B.
