1795 3218
226 314 294 364 34
606 382 616 386 ψ
720 315 1105 362 scn0L1r

224 452 308 483 non
339 440 473 494 potuit
497 438 637 494 ferre,
677 438 751 481 sed
785 440 915 482 iratus
949 437 1259 492 Euxenippum,
1302 435 1355 477 de
1395 435 1514 477 cuius
1555 435 1623 477 ille

223 511 305 553 fide
337 516 458 553 antea
491 509 588 551 nihil
620 508 913 563 dubitavisset,
950 507 1216 549 denunciavit
1261 505 1363 548 falsa
1408 504 1620 546 rettulisse

224 581 276 624 de
307 582 486 636 somnio,
517 579 643 623 certis
674 579 919 634 quibusdam
950 577 1186 620 hominibus
1218 578 1260 619 in
1278 577 1383 619 urhe
1405 574 1619 631 gratifica-

223 657 321 694 tum.
385 650 513 693 Simul
545 650 826 692 diversissima
856 649 923 691 ille
950 649 1121 690 crimina
1143 648 1184 689 in
1206 648 1492 701 Euxenippum
1512 656 1620 686 con-

222 721 402 778 gerebat
433 726 474 763 et
505 721 828 776 subscriptorem
858 720 936 764 sibi
968 721 1113 763 ascivit
1142 719 1377 775 Lycurgum
1406 717 1619 761 Butadam.

221 793 277 836 At
307 794 555 846 Euxenippo
600 793 795 834 subvenit
834 792 1092 847 Hyperides,
1143 791 1218 834 sed
1262 792 1298 834 is
1341 790 1620 834 secundarum

221 863 399 917 partium
417 867 554 905 actor:
581 874 676 903 nam
700 867 796 904 ante
819 860 1071 916 Hyperidem
1099 860 1202 905 alius
1221 861 1364 904 nescio
1386 860 1479 915 quis
1502 872 1620 902 reum

223 932 483 974 defenderat.
544 932 619 974 Est
647 933 774 986 igitur
804 931 911 973 haec
944 932 1079 974 oratio
1113 944 1167 972 ex
1198 943 1359 986 genere
1394 930 1485 973 τῶν
1515 927 1619 972 δευ-

166 1053 172 1056 ,
221 1002 507 1060 τερολογιῶν.
568 1001 687 1044 Unde
720 1007 914 1058 apparet,
962 1014 1038 1044 cur
1083 1001 1285 1056 quaedam
1328 1001 1478 1044 leviter
1520 1005 1619 1043 tan-

225 1077 403 1125 gantur,
434 1072 511 1114 illis
543 1073 702 1115 scilicet
741 1073 841 1115 satis
889 1076 1031 1124 aperta
1077 1073 1148 1125 qui
1193 1072 1401 1125 superiori
1439 1070 1620 1113 orationi

223 1139 525 1182 interfuissent.
587 1140 703 1182 Cadit
733 1140 816 1181 hoc
846 1140 889 1180 in
920 1151 1012 1181 eam
1042 1140 1301 1194 potissimum
1332 1144 1494 1195 partem
1515 1150 1618 1181 ora-

223 1209 378 1263 tionis,
410 1221 492 1262 qua
525 1210 710 1250 occurrit
739 1208 973 1263 Hyperides
1007 1209 1544 1263 calumniationiPolyeucti
1567 1207 1619 1250 de

223 1278 372 1320 divitiis
401 1278 634 1332 Euxenippi
664 1290 741 1331 per
770 1277 959 1320 fraudem
990 1279 1141 1332 partis:
1191 1285 1300 1333 quae
1339 1290 1437 1332 pars
1479 1277 1616 1319 ultima

221 1354 297 1392 est.
361 1348 589 1403 Perstringi
628 1348 793 1391 fodinas
825 1348 1013 1404 argenti,
1057 1360 1233 1402 quarum
1273 1349 1315 1390 in
1346 1347 1618 1403 possessione

220 1418 298 1460 fuit
328 1430 455 1473 reus,
486 1418 584 1460 licet
616 1424 763 1461 orator
803 1431 889 1461 non
933 1419 1123 1463 distincte
1168 1419 1300 1475 dicat,
1348 1419 1482 1462 omnis
1526 1418 1618 1462 finis

223 1490 427 1531 orationis
458 1501 542 1530 non
573 1490 669 1532 sinit
700 1489 903 1531 dubitare.

308 1559 372 1600 De
403 1564 594 1613 tempore
625 1564 745 1601 actae
777 1572 955 1603 caussae
987 1560 1087 1602 satis
1129 1559 1335 1602 constabit
1369 1555 1617 1613 legentibus,

222 1629 421 1671 universe
454 1629 641 1683 quidem:
680 1630 751 1684 qui
782 1630 1003 1683 operosius
1034 1630 1291 1683 investigare
1333 1629 1504 1683 volent,
1549 1628 1618 1669 vel

220 1709 373 1739 annum
403 1698 539 1752 ipsum
570 1698 743 1741 delinire
774 1703 987 1753 poterunt.
1046 1699 1111 1741 De
1137 1699 1382 1754 Euxenippo
1414 1704 1457 1741 et
1486 1698 1616 1753 Poly-

219 1774 342 1811 eucto
376 1769 582 1823 quaedam
612 1770 912 1823 praemittenda
943 1770 1149 1811 videntur.
1223 1770 1273 1811 Et
1311 1770 1364 1811 de
1402 1770 1471 1811 illo
1518 1770 1617 1823 qui-

217 1839 313 1882 dem
345 1839 511 1882 aliunde
544 1839 661 1896 nihil,
710 1840 824 1896 quod
855 1842 1005 1896 sciam,
1052 1841 1309 1895 accepimus:
1355 1852 1450 1881 nam
1491 1852 1616 1894 quem

218 1908 381 1962 Olymp.
419 1907 517 1963 118,
550 1908 577 1949 4
620 1909 836 1951 Diodorus
876 1910 958 1952 Sic.
990 1909 1061 1964 20,
1092 1908 1146 1950 81
1190 1914 1231 1951 et
1259 1910 1486 1963 Dionysius
1523 1909 1615 1950 Hal.

217 1978 259 2018 in
290 1976 499 2019 Dinarcho
529 1976 556 2018 9
600 1991 639 2033 p.
683 1978 770 2020 650
806 1978 904 2021 Rsk.
949 1984 1191 2032 praetorem
1239 1978 1368 2024 fuisse
1413 1982 1616 2020 testantur

221 2046 288 2089 vel
329 2045 621 2101 Euxenippum
672 2048 742 2089 vel
792 2047 1025 2101 Xenippum
1072 2048 1235 2089 tametsi
1275 2047 1366 2089 fieri
1404 2059 1532 2101 posse
1571 2053 1616 2089 ut

215 2118 327 2159 idem
357 2118 410 2159 sit
440 2129 528 2159 non
558 2130 790 2174 negamus,
823 2118 913 2160 veri
946 2117 1077 2161 simile
1112 2129 1226 2174 esse,
1261 2117 1390 2162 fuisse
1422 2117 1614 2173 eundem,

216 2200 341 2230 nemo
374 2189 611 2232 contendet.
674 2189 944 2244 Polyeuctum
975 2189 1113 2243 paullo
1143 2189 1300 2232 rectius
1329 2189 1554 2239 novimus„

304 2259 467 2300 Etenim
498 2259 717 2303 constabat
748 2265 845 2302 ante
877 2258 985 2301 hanc
1011 2264 1223 2313 repertam
1247 2260 1493 2313 orationem,
1524 2263 1611 2300 tres

214 2328 413 2372 habuisse
436 2329 651 2372 orationes
665 2329 931 2384 Hyperidem,
954 2341 1062 2382 quae
1083 2328 1134 2370 ad
1152 2329 1421 2383 Polyeuctum
1442 2333 1612 2384 specta-

213 2404 331 2441 rent:
365 2396 482 2443 κατοέ
526 2396 840 2452 Πολυεύκτου,
880 2398 982 2453 περὶ
1019 2399 1106 2443 τοῦ
1138 2396 1437 2445 Πολύευκτον
1458 2415 1611 2455 ,στρα-

213 2478 388 2525 τηγεῒν,
420 2464 538 2524 πρὸς
569 2467 894 2521 Πολύευκτον,
931 2468 984 2510 de
1018 2468 1169 2523 quibus
1199 2474 1317 2511 recte
1350 2469 1612 2524 distinguen-

216 2539 278 2581 dis
310 2539 410 2580 dixit
439 2537 679 2580 Boeckhius
723 2538 776 2580 de
817 2551 866 2580 re
913 2539 1051 2581 navali
1089 2538 1243 2583 Athen.
1285 2553 1325 2595 p.
1365 2538 1451 2582 249
1486 2546 1532 2587 et
1559 2541 1607 2583 H.

214 2609 420 2662 Sauppius
445 2620 564 2649 meus
598 2614 718 2649 oratt.
748 2608 939 2663 fragmm.
970 2622 1008 2663 p.
1044 2609 1166 2666 298b,
1199 2612 1271 2665 qui
1304 2610 1483 2653 ultimam
1509 2613 1608 2659 ,illa-

213 2690 305 2720 rum
337 2681 433 2732 post
466 2675 624 2731 Olymp.
661 2677 757 2733 110,
793 2678 812 2719 1
848 2678 1026 2721 habitam
1068 2691 1166 2723 esse
1209 2678 1451 2723 effecerunt.
1506 2680 1607 2723 Illud

216 2761 321 2790 vero
355 2747 584 2789 dubitatum
618 2753 700 2804 est,
743 2750 835 2804 quis
873 2750 1120 2805 Polyeuctus
1159 2762 1215 2791 ex
1243 2750 1378 2793 multis
1424 2754 1494 2805 qui
1524 2756 1609 2792 tum

215 2823 333 2859 erant
364 2820 643 2872 cognomines
677 2818 852 2863 Athenis
884 2820 1055 2874 intelligi
1086 2819 1273 2864 deberet.
1335 2821 1387 2863 Et
1408 2820 1608 2875 Sauppius
