1795 3218
661 183 1169 229 PRAEFATIO.
1528 195 1610 225 xm

220 323 315 354 sam
350 323 534 356 movere
581 313 685 354 loco
721 312 870 363 nolui,
922 303 1341 357 συνσκευάσαντες,
1387 306 1608 354 ἕνκαὶ-εῖν,

218 387 436 442 ἔγκλημα,
455 386 697 438 συνλέξειν,
712 387 1116 442 ἐνκατακλιθῆναι,
1135 384 1610 442 συνκατηγορήσοντα,

217 459 499 516 ἐγδίδοσθαι,
522 454 790 517 ἇνέγὸοτον,
837 477 1097 522 quanquam
1134 476 1192 507 ne
1228 464 1274 508 in
1312 465 1380 506 bis
1429 465 1609 518 quidem

218 550 430 591 constans
470 551 536 591 est
586 527 720 603 quem
765 548 813 590 in
855 548 955 592 aliis
991 548 1126 590 rebus
1162 546 1493 589 inconstantem
1530 546 1610 590 de-

217 628 534 681 prehendimus
575 630 797 673 librarius.
879 629 960 671 Illa
992 628 1127 682 igitur
1170 639 1254 683 par
1282 631 1378 670 erat
1412 629 1609 681 retineri,
1644 673 1646 675 .

218 720 401 762 prorsus
438 713 486 752 ut
508 711 552 752 in
577 711 711 752 titulis
746 710 908 752 similia
945 721 1047 752 cum
1083 711 1238 751 extant
1272 709 1319 751 in
1354 709 1503 763 lapide
1541 710 1609 751 vel

217 803 321 837 aere
355 792 533 835 retineri
563 793 721 835 solent.
793 792 985 835 Posthac
1021 802 1112 834 non
1147 790 1345 846 impedio
1369 791 1608 846 quominus

215 872 504 924 abiiciantur,
537 873 635 923 vel,
670 872 708 914 si
738 873 908 926 placet,
953 870 1217 913 abiciantur.

320 973 407 1016 Sed
444 973 589 1016 missis
627 974 695 1016 his
732 972 861 1027 nugis
899 974 947 1015 ut
995 971 1052 1015 ad
1096 972 1329 1015 orationes
1377 973 1609 1016 veniamus

218 1055 351 1109 ipsas,
388 1056 624 1109 persimilis
661 1056 894 1109 utriusque
927 1056 1061 1109 atque
1097 1054 1231 1108 plane
1267 1054 1458 1108 gemella
1493 1054 1608 1097 ratio

216 1138 282 1177 est
318 1138 360 1177 et
397 1136 631 1179 universus
667 1139 813 1179 tenor.
884 1135 1082 1190 Utraque
1107 1134 1361 1177 continetur
1381 1135 1427 1176 in
1452 1135 1609 1177 defen-

215 1217 343 1257 sione
393 1217 500 1258 civis
548 1229 605 1258 ex
656 1228 737 1258 sua
786 1215 965 1270 quidem
1021 1215 1241 1258 sententia
1296 1216 1520 1258 malitiose
1568 1219 1612 1257 et

218 1309 358 1350 prava
394 1297 570 1340 actione
600 1296 838 1352 postulati:
885 1296 1018 1350 igitur
1048 1296 1095 1338 in
1127 1298 1317 1351 utraque
1365 1299 1520 1340 orator
1554 1296 1609 1339 de

217 1382 466 1423 temeritate
500 1382 722 1436 malisque
760 1381 929 1424 artibus
966 1376 1058 1419 ’τῶν
1102 1372 1489 1432 εἰσαγγελλόντων
1530 1395 1610 1425 co-

215 1463 343 1517 piose
379 1463 608 1517 libereque
645 1464 857 1518 queritur.
928 1464 978 1506 In
1001 1465 1191 1518 utraque
1214 1463 1483 1518 indignatur,
1507 1476 1607 1506 cum

217 1544 337 1599 quod
370 1544 616 1587 institutum
650 1544 984 1596 advocationiS‚
1022 1556 1112 1599 quo
1148 1545 1257 1587 nibil
1281 1548 1401 1587 extet
1427 1545 1472 1587 in
1497 1545 1608 1587 urbe

215 1637 343 1668 more
381 1629 610 1681 receptum
649 1627 718 1669 vel
765 1626 990 1669 salubrius
1021 1626 1091 1668 vel
1127 1625 1398 1679 humanius,
1449 1627 1608 1669 tollere

215 1708 270 1750 de
306 1708 483 1750 civitate
520 1709 714 1762 pravitas
744 1711 1056 1751 accusatorum
1084 1709 1323 1760 annitatur,
1359 1710 1454 1751 tum
1486 1709 1607 1762 quod

214 1788 350 1830 ambo
385 1788 668 1830 accusatores
707 1788 752 1830 in
785 1788 1043 1842 primariam
1071 1787 1194 1829 litem
1219 1788 1464 1842 compactis
1494 1800 1606 1831 con—

214 1868 496 1923 gregatisque
532 1868 667 1911 variis
702 1870 914 1923 tanquam
948 1880 1030 1923 per
1054 1871 1252 1912 saturam
1282 1869 1608 1912 criminationi-

212 1951 296 1991 bus
333 1950 555 1992 rationem
585 1949 852 1992 defendendi
887 1950 1053 1992 mirum
1086 1950 1130 1992 in
1167 1950 1351 1993 modum
1387 1951 1605 2004 impedie-

212 2030 299 2071 rint
335 2030 622 2083 funditusque
645 2029 955 2083 praeciderint.
1025 2030 1275 2082 Postremo,
1312 2033 1359 2073 ut
1379 2033 1605 2073 taceamus

213 2122 330 2166 quae
364 2110 552 2153 minoris
588 2112 806 2154 momenti
841 2114 969 2164 sunt,
1016 2112 1062 2153 in
1096 2114 1285 2166 utraque
1318 2124 1477 2171 caussa
1512 2113 1604 2167 Hy-

213 2191 390 2247 perides
421 2191 726 2235 adversarium
759 2194 917 2235 nactus
951 2194 1047 2235 erat
1076 2191 1328 2246 Lycurgum
1364 2193 1503 2246 illum,
1534 2195 1604 2236 in-

210 2273 498 2329 tegerrimum
535 2274 790 2326 hominem,
825 2274 903 2317 sed
941 2274 1133 2317 eundem
1163 2275 1315 2330 paullo
1352 2275 1602 2318 fervidioris

213 2356 378 2411 ingenii
392 2358 436 2399 et
446 2356 846 2417 inexorabiliorem
857 2357 976 2401 male
987 2356 1207 2399 sactorum
1222 2356 1455 2409 vindicem,
1467 2369 1600 2411 quem

215 2446 339 2485 vetus
371 2443 538 2486 arbiter
579 2433 752 2491 σεμνόν
782 2436 854 2479 καὶ
888 2433 998 2479 ὅλον
1027 2432 1328 2492 κατηγορικὸν
1358 2436 1432 2480 καὶ
1466 2438 1602 2493 φιλα-

213 2509 339 2572 λήθη
370 2518 444 2562 καὶ
476 2512 865 2575 παρρησιαστικόν
902 2523 1112 2578 appellat.
1183 2524 1223 2567 Is
1258 2523 1599 2580 Lycophronem

211 2604 257 2646 in
292 2604 360 2646 ius
388 2608 628 2650 vocaverat
652 2605 761 2661 ipse,
786 2605 832 2647 in
853 2604 1149 2661 Euxenippea
1174 2618 1334 2651 caussa
1354 2607 1599 2661 Polyeucto

211 2685 485 2742 subscriptor
521 2686 688 2731 aderat,
777 2687 897 2731 Haec
933 2691 1082 2732 autem
1120 2700 1378 2732 caussarum
1426 2689 1597 2733 oratio-
