1795 3218
218 229 282 278 72
711 233 1099 280 SCHOLIA.

215 369 301 400 non
345 361 564 412 praestare
609 356 734 399 addit.
813 357 922 400 Satis
968 357 1107 401 habeo
1158 357 1409 412 admonere,
1460 358 1618 400 litteras

216 442 356 486 ενεχει
385 425 616 470 luculenter
645 426 830 481 prodere
858 425 990 471 fuisse
1029 426 1149 470 verbi
1193 430 1408 486 ἐγχειρεῖν
1440 425 1617 481 aliquam

212 495 391 538 formam
435 501 704 552 usurpatam,
751 495 883 539 credo
921 498 1251 556 ἐνεχείρησε,
1296 495 1410 551 quod
1432 500 1618 542 senten-

214 566 300 609 tiae
331 567 542 609 convenit.
603 566 779 621 Reliqua
814 567 971 610 intacta
1002 568 1244 622 relinquere
1281 567 1412 610 satius
1450 565 1616 608 videtur

215 647 340 691 quam
371 636 541 679 incertis
571 636 824 680 coniecturis
852 636 1023 693 ludere,
1055 649 1151 680 cum
1180 637 1398 680 vaticinari
1417 635 1612 679 nesciam.

212 704 301 747 Nisi
331 705 447 760 quod
475 706 518 748 in
550 721 645 749 απο
676 706 794 748 verbi
820 703 1157 764 ἀποκρίνεσθαι
1179 706 1358 760 aliquam
1377 705 1614 757 flexionem,

212 775 396 819 fortasse
428 770 784 832 ἀποκρινάσθω,
822 775 1072 820 delitescere
1102 780 1150 818 ut
1179 780 1407 818 statuamus
1438 775 1615 818 suadent

215 858 326 902 quae
357 850 603 902 sequuntur.
806 860 808 862 ¹

303 925 373 982 27,
408 927 428 967 1
464 921 657 982 πότερ’
689 920 756 970 οὐ
790 956 831 967 ..
850 956 861 967 .
880 924 909 981 .]
945 923 1220 981 Babingtonis
1250 926 1495 968 coniectura
1527 921 1615 969 πό-

213 993 299 1053 τερ’
336 991 422 1040 οὐκ
462 997 604 1048 ἔξεστι
642 994 714 1037 vel
752 1006 804 1037 eo
843 995 1011 1038 nomine
1056 995 1240 1052 laborat,
1284 995 1395 1052 quod
1439 993 1614 1052 Spatium

214 1071 333 1108 certo
364 1066 541 1120 plurium
571 1066 803 1107 litterarum
832 1077 969 1120 capax
997 1065 1085 1107 fuit.
1143 1066 1233 1108 Nec
1263 1078 1381 1108 mens
1399 1066 1614 1120 scriptoris

212 1147 263 1177 ea
298 1147 397 1179 esse
426 1135 582 1191 potuit,
613 1140 659 1177 ut
690 1128 941 1190 quaereret,
970 1134 1173 1178 liceretne
1203 1136 1452 1191 periclitanti
1479 1136 1614 1179 amico

213 1207 367 1249 auxilio
409 1218 528 1260 esse,
573 1205 650 1248 sed
692 1210 829 1247 utrum
881 1216 971 1248 mos
1013 1206 1190 1248 civitatis
1238 1217 1322 1249 non
1359 1207 1516 1262 bonus,
1560 1218 1613 1248 an

210 1277 348 1331 potius
390 1276 568 1330 optimus
610 1279 734 1318 esset.
805 1274 920 1330 Ergo
965 1272 1120 1331 πότερ’
1164 1270 1223 1318 ου’
1261 1271 1505 1321 κάλλιπον
1545 1274 1613 1317 vel

211 1338 466 1404 δημοτικόν
495 1348 590 1389 ἐστι
621 1345 690 1387 vel
719 1345 803 1388 tale
833 1343 932 1400 quid
962 1356 1144 1400 reponas
1177 1345 1287 1388 licet.

301 1414 372 1470 27,
401 1413 429 1456 3
461 1412 693 1471 τούτου]
733 1415 797 1457 De
827 1414 983 1457 codicis
1015 1414 1115 1456 vitio
1146 1413 1232 1456 dixi
1261 1426 1387 1470 supra
1419 1414 1471 1457 ad
1497 1427 1536 1470 p.
1568 1414 1608 1470 6,

209 1483 280 1528 21.
346 1484 541 1528 Ceterum
572 1483 647 1528 cir.
677 1483 800 1540 frgm.
831 1484 988 1528 Harris.
1016 1483 1073 1526 tx
1104 1489 1147 1527 et
1175 1483 1296 1527 xvn.

298 1554 370 1611 27,
401 1553 430 1598 8
461 1552 736 1612 [ἀκούειν]
768 1551 1042 1610 κελεύειν]
1090 1553 1183 1597 Non
1223 1554 1405 1597 dubitavi
1435 1551 1609 1598 Verbum

211 1621 402 1668 ἀκούειν
445 1624 643 1666 cancellis
685 1624 1053 1679 circumscribere,
1098 1635 1191 1665 cum
1234 1628 1376 1678 aperte
1415 1624 1615 1680 abundet,

210 1693 302 1736 sive
331 1692 429 1736 illud
461 1705 517 1736 ex
555 1691 834 1748 dittographia
875 1691 1090 1748 archetypi
1132 1697 1273 1735 natum
1315 1698 1381 1736 est
1426 1693 1515 1736 sive
1556 1706 1611 1736 ex

209 1764 400 1805 similium
436 1764 623 1806 locorum
663 1768 935 1818 praepostera
978 1763 1271 1806 recordatione
1320 1764 1488 1819 irrepsit
1532 1777 1610 1820 per

211 1845 366 1877 casum.

300 1903 373 1957 27,
407 1902 463 1944 13
516 1903 608 1947 καὶ
645 1904 744 1958 ἐμὲ
773 1904 882 1956 μὲν
913 1901 1071 1960 αἰτιᾷ
1102 1902 1214 1957 κτλ]
1262 1902 1437 1945 Pulchre
1478 1904 1609 1947 sensit

208 1972 414 2027 Babingto
443 1971 705 2028 respondere
733 1971 976 2027 Hyperiden
1007 1971 1060 2013 ad
1091 1984 1142 2013 ea
1173 1983 1283 2025 quae
1313 1984 1369 2013 ex
1389 1971 1608 2027 Lycurgea

209 2044 400 2084 oratione
430 2043 617 2085 servavit
646 2042 795 2084 Suidas
825 2052 858 2083 s.
889 2054 929 2083 V.
958 2040 1221 2100 μοχθηρία·
1259 2041 1530 2097 Λυκοῦργος
1557 2044 1609 2087 ἐν

209 2112 273 2171 τῷ
308 2107 423 2156 uacci
455 2107 778 2167 Λυκόφρονος·
823 2104 933 2162 „Ov'
962 2104 1051 2166 γάρ
1086 2107 1215 2154 ὅσιον
1256 2105 1339 2154 τὸν
1378 2106 1492 2158 τούς
1530 2126 1610 2167 γε-

208 2180 508 2237 γραμμένους
548 2176 750 2235 νόμους,
795 2172 852 2224 δι’
895 2168 960 2222 ὧν
999 2173 1029 2235 ἦ
1068 2177 1355 2235 δημοκρατία
1401 2175 1610 2232 σώζεται,

209 2249 592 2306 παραβαίνοντα,
637 2248 800 2304 ἑτέρων
844 2246 891 2291 δὲ
931 2248 1184 2305 μοχθηρῶν
1226 2243 1447 2304 ἐξηγητὴν
1484 2248 1609 2292 ἐθῶν

207 2319 285 2364 καὶ
332 2319 604 2375 νομοθέτην
642 2311 907 2374 γενόμενον
952 2313 1245 2374 ἀτιμώρητον
1290 2314 1529 2374 ἀφεῖναι“,
1565 2331 1604 2361 ν.

209 2389 379 2445 Sauppii
407 2387 572 2444 frgmm.
605 2387 662 2431 70
692 2400 733 2444 p.
763 2386 885 2431 269⁸.

296 2464 367 2521 27,
404 2465 458 2507 15
506 2459 915 2520 ὑπερπηδήσας
945 2460 1170 2513 πάντας
1201 2460 1349 2513 τούς
1378 2462 1604 2520 νόμους]

208 2535 408 2590 Exempla
438 2546 611 2589 prorsus
641 2534 785 2578 similia
804 2546 872 2575 ex
903 2532 1187 2577 Demosthene
1217 2540 1260 2577 et
1283 2525 1495 2578 leschine
1524 2535 1606 2577 ha-

210 2608 283 2650 bet
313 2605 523 2648 Weberus
555 2604 607 2647 ad
638 2610 740 2647 orat.
771 2603 1017 2647 Aristocrat.
1051 2603 1108 2646 73
1138 2618 1177 2660 p.
1208 2604 1308 2647 276.

296 2673 367 2731 27,
403 2671 457 2717 18
502 2669 823 2729 ἀκίνδυνος]
857 2673 931 2717 cfr.
964 2686 1090 2729 supra
1120 2687 1160 2729 p.
1192 2672 1249 2716 58
1280 2685 1342 2729 sq.

300 2747 370 2803 27,
405 2747 459 2789 19
492 2746 807 2807 τραγῳδίας
839 2780 847 2788 .
879 2780 889 2789 .
924 2780 934 2790 .
968 2745 996 2801 .]
1043 2746 1157 2798 „The
1187 2757 1312 2790 sense
1351 2756 1529 2801 appears
1562 2750 1604 2788 to
