1795 3218
692 242 1193 287 PRAEFATIO.
1535 254 1631 286 xvn

243 368 519 426 Olympiadis
548 372 592 412 et
623 371 959 424 Atheniensium
997 372 1178 425 negotio
1208 370 1459 414 Dodonaeo
1494 381 1631 413 accu-

241 455 437 495 satorem
482 447 645 494 acriter
689 454 967 508 perstringit,
1015 453 1136 507 quod
1182 453 1219 495 is
1265 464 1336 494 res
1381 462 1565 505 prorsus
1602 463 1631 494 a

239 543 399 576 caussa
433 531 686 586 Euxenippi
719 532 887 576 alienas
926 532 1144 575 effuderit.
1224 532 1318 576 Nec
1350 532 1631 586 praetermit-

239 615 331 656 tam
367 613 516 656 lusum
551 612 677 655 illum
712 615 1043 658 contrariorum
1078 614 1280 669 sophista
1315 613 1467 667 aliquo
1492 606 1630 663 λογο-

239 684 432 744 δαιδᾶλῳ
464 692 676 748 dignum,
711 694 790 737 sed
827 697 875 738 ut
910 695 956 738 in
992 696 1200 739 irrisione
1236 697 1340 750 apte
1366 695 1628 748 usurpatum

240 786 285 828 p.
324 769 401 826 16,
438 768 503 817 23
542 763 756 825 πόρους
801 770 912 825 φασὶ
960 770 1237 826 πορίζειν,
1285 765 1537 825 ἀπορίαν
1578 773 1629 813 ἐν

238 848 296 905 τῇ
315 853 317 855 ’
340 845 473 893 πόλει
525 846 971 906 παρασκευάζοντες,
1015 859 1065 898 ut
1097 856 1299 899 similiter
1334 855 1444 898 ludit
1466 868 1626 911 perso-

236 936 367 977 natus
402 933 595 991 Gorgias
618 929 665 986 8,
690 945 732 988 p‘.
761 929 860 977 117
887 934 993 977 Rsk.
1030 930 1100 977 τίς
1133 927 1220 985 γάρ
1250 926 1310 972 ἂν
1339 929 1525 985 ἐποίησε
1546 926 1628 974 τὸν

239 1006 544 1064 α’«νθρῶπινον
571 1007 682 1067 βίον
713 1004 970 1063 πόριμον
1002 1012 1051 1059 ἐξ
1081 1002 1332 1064 ἀπόρους

343 1085 400 1125 At
434 1083 548 1126 haec
584 1083 737 1126 omnia
771 1095 828 1126 ex
861 1083 1155 1138 Euxenippea
1201 1084 1407 1127 oratione
1451 1089 1630 1140 sumpta

238 1167 354 1207 sunt.
424 1165 577 1207 Altera
609 1175 693 1206 nec
728 1164 785 1206 ab
816 1164 915 1219 ipso
939 1165 1163 1220 Hyperide
1193 1164 1308 1208 dicta
1332 1168 1375 1208 et
1401 1166 1447 1208 in
1470 1178 1630 1210 caussa

236 1246 488 1301 spinosiore
511 1245 657 1299 posita
681 1247 738 1296 et,
772 1246 892 1299 quod
927 1257 1152 1289 summum
1176 1249 1256 1297 est,
1294 1249 1452 1290 contra
1482 1247 1630 1290 virum

236 1337 427 1380 magnae
466 1324 742 1369 auctoritatis
777 1324 931 1369 habita
966 1338 1072 1369 rara
1107 1326 1300 1369 ostendit
1334 1327 1523 1382 vestigia
1557 1328 1628 1371 fa-

237 1408 480 1459 cetiarum,
514 1406 592 1449 sed
630 1406 817 1461 vestigia
851 1409 1016 1450 tamen.
1081 1407 1193 1451 Vide
1224 1420 1267 1462 p.
1291 1400 1372 1460 23,
1398 1402 1461 1451 15
1508 1399 1629 1452 ὅπως

237 1478 297 1526 ἂν
327 1476 360 1541 ᾗ
391 1476 684 1532 ἀθάνατος
714 1480 1017 1538 συκοφάντης,
1048 1492 1092 1531 et
1122 1482 1215 1541 25,
1256 1484 1319 1532 19
1360 1483 1436 1527 καὶ
1479 1485 1627 1528 ταῦτα

237 1562 359 1607 δοκεῖ
389 1558 450 1607 ἂν
481 1559 594 1616 ὑμῖν
624 1562 746 1611 Αἴας
776 1564 945 1613 ἐκεῖνος
977 1557 1000 1606 ὁ
1031 1560 1320 1618 μαινόμενος
1363 1565 1554 1619 ποιῆσαι
1595 1561 1627 1620 ἢ

240 1635 482 1693 Μαργίτης
512 1631 536 1679 ὁ
569 1631 758 1680 πάντων
788 1630 1181 1691 οἶβελτερώτατοςς

333 1723 513 1766 Atenim
547 1722 595 1765 iu
632 1722 820 1776 egregiis
869 1722 1075 1765 laudibus
1128 1723 1303 1766 artificii
1350 1723 1537 1767 oratorii
1582 1724 1627 1764 in

234 1797 488 1846 elocutione
519 1804 671 1845 tamen
707 1802 805 1856 ipsa
841 1802 1105 1856 delectuque
1142 1804 1385 1846 verborum
1421 1803 1627 1846 fastidio-

232 1885 376 1927 siores
409 1883 638 1926 auriculae
672 1884 1069 1936 grammaticorum
1105 1885 1275 1938 aliquid
1318 1886 1366 1927 in
1401 1885 1627 1939 Hyperide

234 1965 613 2020 desideraverunt.
695 1964 1002 2019 Hermogenes
1049 1959 1095 2018 3,
1142 1959 1243 2010 382
1287 1965 1429 2009 Walz.
1478 1956 1625 2006 Ἵὸιον

230 2036 497 2096 “Υπερει’δου
534 2037 585 2084 τό
626 2040 699 2084 καὶ
741 2047 838 2089 ταῖς
880 2042 1048 2091 λέξεσιν
1079 2038 1396 2097 ἆφειδέοτερόν
1426 2058 1521 2091 πως
1553 2042 1624 2085 καὶ

230 2105 534 2166 ἀμελέστερον
574 2111 800 2170 χρῆσθαι·
849 2108 999 2169 ὥσπερ
1040 2109 1156 2158 ὅταν
1198 2112 1540 2169 μονώτατος
1568 2139 1625 2145 -

232 2199 321 2242 quo
358 2189 537 2243 praeter
572 2186 685 2229 alios
711 2186 855 2229 'etiam
885 2187 1112 2243 Lycurgus
1149 2200 1257 2232 usus
1290 2190 1357 2231 est
1403 2212 1467 2221 —
1516 2185 1626 2242 λέγῃ

232 2263 303 2306 καὶ
331 2256 637 2319 γαλεάγρα
670 2261 744 2305 καὶ
776 2261 1156 2316 ἐκκοκκύζειν
1203 2263 1277 2307 καὶ
1309 2258 1624 2320 ἐστηλοκό-

228 2351 411 2392 πηται
441 2336 514 2379 καὶ
544 2330 836 2390 ἐπήβολος
866 2336 940 2379 καὶ
972 2333 1055 2379 ὅσα
1087 2337 1297 2380 τοιαῦτα.
1340 2344 1397 2385 At
1419 2334 1503 2380 ὅσα
1521 2351 1622 2380 τοι-

228 2406 347 2449 αῦτα
395 2410 545 2452 hercle
594 2421 623 2451 a
657 2404 841 2450 Polluce
888 2408 1169 2463 potissimum
1211 2410 1317 2451 exili
1364 2410 1623 2453 curiositate

228 2494 383 2535 notata
407 2493 458 2534 et
487 2489 682 2533 Pollucis
714 2489 933 2532 similibus
969 2491 1181 2533 Atticistis
1217 2490 1431 2534 ridiculus
1460 2492 1518 2535 sit
1547 2494 1623 2547 qui

226 2582 283 2613 eo
319 2572 528 2626 opinetur
563 2570 736 2622 valere,
772 2571 820 2611 ut
855 2568 1090 2624 Hyperidis
1127 2583 1394 2620 sermonem!
1420 2572 1477 2615 ab
1507 2573 1621 2615 Atti-

224 2663 306 2696 cae
353 2647 541 2709 normae
593 2651 847 2713 sinceritate
900 2653 1064 2697 mirum
1116 2657 1333 2709 quantum
1383 2653 1619 2697 deflexisse

223 2743 499 2779 censeamus.
572 2734 795 2790 Quicquid
826 2735 945 2781 enim
978 2736 1050 2780 isti
1086 2736 1325 2790 magistelli
1348 2735 1615 2791 vituperant,

1131 2816 1214 2843 *is*
