1795 3218
705 241 1089 288 SCHOLIA.
1530 235 1597 286 37

206 359 314 415 nippi
346 362 598 417 narrationi,
630 364 792 406 mittere
822 364 1007 420 Delphos
1030 365 1168 420 potius
1195 362 1430 418 Apollinem
1449 364 1598 407 scisci-

206 435 350 486 tatum,
382 443 467 474 non
498 432 763 475 innocentem
795 435 1003 477 hominem
1036 435 1077 476 in
1108 434 1337 489 periculum
1369 433 1594 478 adducere.

207 500 329 550 Quod
359 506 506 544 contra
537 501 679 545 tulisse
708 504 818 545 illum
850 517 905 546 ex
934 505 1177 546 narratione
1216 503 1367 546 somnii
1403 505 1595 558 rogatio-

206 582 302 615 nem
331 577 480 615 contra
508 571 627 614 binas
648 573 780 616 tribus
811 580 853 617 et
880 574 1187 618 iniustissimam
1206 579 1249 617 et
1271 573 1453 629 quodam
1470 575 1597 618 modo

206 643 457 684 contrariam
488 643 566 685 sibi
594 644 736 697 ipsam
796 644 899 686 Nam
931 645 987 700 si,
1019 645 1074 687 ait
1095 650 1251 701 orator,
1282 657 1404 688 mons
1431 645 1499 687 ille
1520 646 1598 687 tri-

206 710 331 752 buum
359 717 471 768 erat,
503 712 600 755 odio
631 713 782 768 dignus
813 719 879 756 est
909 714 980 768 qui
1012 726 1084 757 eas
1113 727 1193 758 suo
1225 715 1380 769 privat:
1402 715 1466 756 sin
1484 714 1596 769 quod

205 781 272 823 dei
303 788 394 826 erat
423 790 755 840 occupaverant,
784 788 942 827 tantum
983 785 1102 828 abest
1145 790 1192 827 ut
1231 785 1418 839 reliquae
1464 785 1596 827 tribus

205 854 257 896 ad
283 854 479 897 >damnum
510 856 587 898 illis
618 857 914 910 praestandum
946 862 1089 899 essent
1131 856 1371 911 vocandae,
1416 861 1463 898 ut
1501 855 1596 896 illae

203 924 394 967 inlucro
433 926 635 979 deputare
678 926 900 980 deberent,
942 927 978 969 si
1009 938 1092 968 non
1123 926 1224 980 ipsis
1262 927 1433 979 insuper
1473 925 1595 966 multa

207 995 483 1047 irrogaretur.
822 1039 825 1041 .

292 1062 364 1105 His
395 1068 491 1120 tum,
521 1064 672 1119 pergit,
703 1064 876 1119 permoti
907 1069 1003 1107 sunt
1032 1064 1191 1107 iudices
1223 1064 1275 1106 ad
1307 1063 1596 1106 condemnan-

205 1133 300 1175 dum
332 1133 615 1188 Polyeuctum:
646 1134 759 1176 unde
789 1133 895 1176 haec
924 1139 989 1176 est
1022 1139 1166 1177 secuta
1190 1134 1422 1188 Euxenippi
1444 1135 1596 1176 acerba

205 1203 455 1259 criminatio,
494 1203 535 1245 in
557 1216 689 1258 ,quem
722 1203 996 1259 Polyeuctus,
1044 1209 1265 1258 postquam
1308 1201 1596 1259 παρανόμων

204 1271 419 1315 damnatus
450 1278 533 1329 est,
572 1274 606 1315 si
641 1268 893 1328 Hyperidem
932 1274 1144 1328 audimus,
1192 1286 1314 1315 omne
1354 1274 1468 1315 virus
1500 1286 1594 1314 ma-

203 1344 396 1398 lignitatis
441 1343 594 1386 effudit.
674 1343 838 1385 Etenim
892 1356 974 1398 quo
1027 1343 1182 1385 certius
1228 1343 1514 1397 Euxenippum
1554 1344 1595 1384 in

207 1414 344 1456 odium
384 1414 613 1456 adduceret
656 1413 860 1468 iudicum,
908 1410 1190 1456 diversissima
1231 1413 1299 1455 ille
1346 1413 1517 1454 crimina
1556 1418 1598 1453 et

204 1483 483 1539 undecunque
513 1495 686 1527 corrasa
716 1483 759 1525 in
792 1495 912 1527 reum
943 1483 1249 1539 cumulaverat,
1288 1487 1359 1537 ut,
1400 1482 1436 1526 si
1466 1494 1595 1524 caus—

205 1567 292 1598 sam
324 1567 409 1598 non
444 1556 653 1610 obtineret
682 1555 973 1610 Euxenippus,
1013 1567 1068 1597 ne
1099 1555 1310 1610 sepultura
1355 1554 1522 1609 quidem
1554 1554 1596 1595 in

203 1625 340 1670 Attica
370 1632 483 1669 terra
515 1625 696 1670 daretur.
757 1625 935 1669 Maxime
966 1630 1103 1668 autem
1138 1637 1191 1669 eo
1231 1624 1426 1668 invidiam
1464 1624 1597 1667 facie-

204 1697 275 1739 bat
304 1696 572 1753 Euxenippo‚
613 1697 723 1751 quod
761 1697 1037 1740 Macedonum
1078 1695 1224 1738 favere
1263 1695 1450 1750 partibus
1487 1695 1595 1737 insi-

204 1767 412 1809 mulabat.r
456 1766 500 1807 In
532 1778 617 1820 quo
648 1767 715 1807 ille
746 1767 995 1809 abutebatur
1024 1765 1160 1807 iudice
1190 1764 1400 1819 Hyperide
1443 1763 1592 1818 Olym-

202 1838 334 1893 piadis
362 1838 537 1893 reginae
565 1838 754 1892 nomine,
798 1837 865 1879 cui
908 1836 1164 1891 arguebatur
1210 1835 1415 1879 blanditus
1444 1836 1593 1878 Euxe-

203 1910 349 1964 nippus
380 1921 495 1964 esse,
526 1921 618 1951 cum
649 1920 800 1950 suasor
828 1908 960 1950 extitit
993 1907 1170 1962 civibus,
1208 1912 1254 1948 ut
1283 1906 1458 1961 reginae
1487 1906 1594 1948 lice-

204 1984 270 2021 ret
294 1977 449 2021 offerre
478 1983 664 2032 pateram
695 1982 857 2020 statuae
881 1976 1070 2033 Hygieae
1100 1976 1144 2017 in
1174 1975 1329 2018 sacello
1353 1973 1492 2018 Attico
1513 1975 1593 2017 de-

203 2049 406 2091 stinatam.
483 2047 723 2090 Cuiusmodi
753 2048 1059 2090 criminationes
1091 2048 1141 2088 ab
1175 2047 1254 2089 hac
1285 2059 1434 2089 caussa
1464 2058 1593 2100 pror-

205 2130 278 2162 sus
309 2118 464 2160 alienas
496 2117 592 2160 dum
634 2117 864 2173 Hyperides
896 2130 919 2160 a
949 2129 1027 2160 reo
1059 2122 1274 2174 removet,
1306 2117 1594 2171 Euxenippum

205 2202 325 2232 suum
357 2190 489 2231 virum
518 2189 697 2243 probum
729 2194 771 2231 et
796 2189 954 2243 patriae
985 2193 1191 2230 amantem
1222 2199 1319 2231 esse
1348 2188 1495 2242 docet,
1527 2189 1593 2228 cui

204 2272 416 2315 nunquam
447 2249 573 2302 ullum
602 2272 695 2301 cum
725 2259 1024 2303 Macedonibus
1055 2260 1342 2303 intercesserit
1378 2270 1590 2300 commer-

205 2332 325 2373 cium.
388 2329 564 2372 Omnino
597 2331 883 2372 abstinendum
924 2330 1159 2372 accusatori
1200 2329 1351 2381 fuisse,
1385 2329 1419 2369 si
1451 2327 1589 2381 modo,

203 2399 244 2442 id
274 2399 391 2455 quod
429 2398 622 2453 profecto
643 2411 739 2453 ,per
778 2400 971 2445 virtutem
1006 2398 1158 2453 possit,
1201 2397 1252 2439 ad
1294 2397 1590 2451 rempublicam

205 2470 385 2512 studium
416 2483 537 2514 suum
566 2469 763 2511 conferre
794 2469 930 2523 vellet,
962 2481 986 2509 a
1005 2469 1229 2512 vexatione
1259 2468 1473 2512 bominum
1496 2470 1590 2523 pri-

204 2544 396 2583 vatorum
428 2546 471 2584 et
499 2544 690 2583 oratores
720 2539 1082 2595 imperatoresque
1122 2540 1163 2582 in
1206 2544 1419 2584 certamen
1450 2539 1589 2583 devo-

204 2608 362 2653 candos
390 2611 531 2655 fuisse.
592 2611 635 2653 Id
667 2617 800 2653 semet
829 2612 960 2666 ipsum
993 2624 1160 2666 semper
1191 2617 1377 2654 secutum
1409 2624 1516 2664 esse,
1544 2616 1589 2652 ut

204 2691 388 2725 summos
427 2681 469 2722 in
511 2681 676 2724 civitate
715 2681 829 2724 viros
872 2681 1202 2737 aggrederetur,
1248 2679 1588 2736 Aristophontem

203 2753 504 2808 Azeniensem,
544 2754 763 2809 Diopithen
805 2753 1053 2808 Sphettium,
1098 2753 1368 2796 Philocratem
1410 2752 1587 2807 Hagnu-
