1795 3218
235 223 301 273 62
741 224 1165 274 SCHOLIA.'

234 353 527 392 accusatorem
557 360 678 392 suum
706 348 759 392 ad
789 350 1079 409 εἰσαγγελίαν
1101 349 1385 406 descendisse,
1410 361 1504 392 cum
1521 365 1634 408 ypa—

236 414 328 476 φὴν
359 415 476 475 πρὸς
505 412 617 469 τούς
644 420 947 474 θεσμοθέτας
976 420 1144 464 deferre
1175 421 1392 476 debuerit,
1432 420 1468 463 si
1496 420 1634 464 salvas

234 489 356 544 leges
387 500 484 533 esse
514 489 667 545 vellet,
714 501 821 545 quas
861 490 930 533 ille
974 490 1059 534 levi
1085 491 1194 546 pede
1235 490 1489 536 transiluerit
1529 490 1632 546 ipse,

233 560 305 614 qui
354 572 378 602 a
420 566 555 603 semet
597 560 797 615 migratas
843 573 939 604 esse
987 562 1149 605 clamet.
1227 562 1332 606 Sese
1376 565 1516 604 autem
1560 560 1630 602 af-

232 629 367 673 firmat
423 643 525 675 reus
568 643 711 686 neque
772 632 815 673 in
855 631 935 674 hac
982 633 1157 676 muliere
1203 632 1447 687 peccavisse
1494 643 1632 685 neque

230 701 282 742 ab
305 706 553 745 accusatore
582 713 661 745 suo
680 702 723 759 in
744 701 926 743 medium
943 702 1124 757 proferri
1138 714 1267 757 posse
1286 703 1461 745 alterum
1481 714 1632 745 exem—

229 772 339 826 plum
370 774 532 827 peccati
562 774 605 814 in
635 772 825 815 muliere.

319 843 539 887 Postremo
571 843 732 886 iudices
767 842 983 899 admonet,
1026 848 1091 899 ut,
1131 842 1244 899 quod
1284 843 1326 885 in
1370 842 1440 886 tali
1481 853 1630 885 caussa

231 925 436 955 summum
469 914 534 969 sit,
564 915 691 956 vitam
722 924 841 956 suam
871 917 969 955 ante
1002 918 1137 956 actam
1168 913 1458 969 considerent,
1489 912 1628 954 animo

231 995 256 1024 a
274 982 492 1027 calumniis
519 983 777 1027 accusatoris
799 994 964 1026 averso.
991 982 1155 1026 Etenim
1174 984 1216 1026 in
1233 983 1437 1027 eiusmodi
1451 983 1631 1025 maxime

230 1052 405 1094 crimine
430 1052 645 1112 μοιχείας
671 1052 890 1106 plurimum
914 1051 1093 1106 referre,
1114 1052 1278 1107 qualem
1296 1053 1389 1107 quis
1407 1063 1485 1106 per
1505 1062 1629 1093 omne

230 1123 424 1177 superius
444 1134 596 1166 aevum
623 1134 721 1165 sese
738 1122 932 1177 gesserit.
993 1122 1143 1165 Parum
1164 1123 1273 1165 enim
1300 1129 1397 1167 esse
1418 1122 1629 1178 credibile,

231 1193 426 1235 desubito
457 1191 680 1235 moechum
712 1191 897 1234 evadere
935 1192 1007 1245 qui
1044 1192 1098 1233 ad
1128 1193 1519 1248 quinquagesimum
1550 1204 1631 1234 an-

230 1274 329 1303 num
366 1261 465 1303 nihil
494 1262 537 1304 in
567 1273 615 1305 se
647 1261 795 1316 culpae
827 1260 1052 1304 admiserit.
1128 1261 1269 1304 Talem
1307 1275 1355 1305 se
1400 1274 1519 1318 esse,
1559 1263 1629 1316 qui

229 1344 397 1387 semper
425 1333 467 1374 in
497 1332 593 1374 luce
624 1332 741 1375 urbis
773 1336 815 1374 et
843 1331 887 1373 in
917 1331 1049 1374 oculis
1078 1332 1230 1374 civium
1258 1333 1430 1386 vixerit,
1470 1331 1629 1374 alendis

229 1403 351 1457 equis
368 1401 602 1456 studiisque
618 1401 884 1456 equestribus
903 1402 1007 1444 mire
1025 1401 1288 1445 oblectatum.
1317 1401 1439 1452 Quod
1459 1406 1629 1457 propter

229 1472 413 1515 studium
444 1473 630 1526 praemia
659 1470 791 1514 laudis
821 1483 920 1515 sese
944 1463 1093 1515 eximia
1120 1472 1279 1528 tulisse,
1310 1484 1405 1514 cum
1420 1472 1472 1514 ab
1489 1470 1627 1514 Athe-

228 1542 445 1585 niensibus
475 1543 652 1597 primum
684 1542 937 1598 phylarchus
952 1577 964 1599 ‚
996 1556 1106 1595 'mox
1130 1543 1381 1598 hipparchus
1421 1543 1555 1586 lectus
1587 1548 1630 1585 et

230 1611 431 1655 Lemnum
459 1612 627 1666 legatus
658 1613 729 1668 sit,
761 1614 833 1667 qui
861 1614 1068 1668 equitibus
1092 1613 1416 1656 Atheniensibus
1446 1624 1626 1666 praees-

230 1686 308 1724 set.
369 1681 430 1723 Ibi
459 1694 507 1725 se
538 1682 589 1724 ab
622 1683 823 1725 ambabus
851 1684 1027 1739 urbibus
1056 1684 1218 1727 insulae
1250 1687 1497 1725 coronatum
1529 1693 1624 1725 esse

228 1751 388 1794 iteratis
418 1751 579 1795 vicibus
611 1764 691 1794 nec
721 1752 947 1807 quidquam
974 1753 1053 1797 sibi
1083 1764 1224 1808 neque
1254 1752 1419 1808 publice
1441 1763 1626 1806 unquam

228 1833 369 1876 neque
399 1822 589 1875 privatim
620 1822 782 1866 crimini
810 1834 907 1865 esse
938 1822 1090 1866 datum.

315 1890 362 1932 ln
392 1891 476 1934 fine
508 1892 710 1935 orationis
739 1893 842 1946 petit
871 1906 896 1936 a
926 1893 1152 1949 iudicibus,
1196 1898 1242 1936 ut
1279 1892 1516 1936 concedant
1545 1891 1625 1934 ad—

228 1961 391 2004 vocatis
421 1961 508 2004 suis
538 1974 615 2016 pro
645 1974 743 2006 sese
773 1963 905 2005 verba
936 1962 1095 2019 facere,
1127 1963 1199 2017 qui
1223 1967 1266 2005 et
1286 1961 1534 2017 gravissimo
1554 1961 1627 2003 iu-

231 2031 341 2073 dicio
385 2032 694 2074 circumventus
732 2033 785 2075 sit
828 2037 870 2074 et
913 2032 1181 2086 eloquentiae
1224 2031 1421 2073 facultate
1470 2036 1626 2073 careat.

228 2098 318 2141 Nec
347 2099 502 2143 frustra
533 2100 764 2155 imploravit
793 2100 977 2145 iudices:
1017 2101 1154 2146 statim
1184 2103 1320 2157 surgit
1348 2101 1524 2144 amicum
1544 2100 1626 2144 de-

228 2169 425 2212 fensurus
463 2169 728 2223 Theophilus.

322 2247 365 2290 Si
396 2246 450 2289 de
481 2247 597 2289 exitu
626 2248 766 2290 iudicii
797 2248 988 2303 quaeris,
1018 2248 1232 2301 captiosae
1262 2246 1520 2289 ratiunculae
1551 2245 1627 2300 rei,

230 2330 335 2372 quas
366 2317 434 2359 ille
475 2329 569 2360 cum
612 2317 789 2361 testibus
830 2317 1044 2371 certisque
1084 2317 1340 2372 argumentis
1379 2316 1628 2360 confirmare

230 2400 317 2429 non
356 2393 504 2442 posset
542 2391 590 2432 ἐκ
633 2387 724 2431 τῶν
764 2386 954 2433 εἰκότων
996 2387 1171 2443 repetit,
1221 2386 1321 2429 nihil
1357 2387 1412 2429 illi
1448 2385 1627 2441 profue-

228 2465 338 2502 runt.
399 2459 709 2503 condemnatus
752 2465 829 2504 est.
901 2460 1005 2503 Nam
1041 2460 1077 2503 si
1112 2459 1244 2503 altera
1280 2459 1463 2516 Lycurgi
1493 2459 1626 2502 oratio

230 2531 271 2572 in
305 2531 592 2573 aestimatione
619 2531 699 2573 litis
728 2531 867 2574 habita
899 2537 982 2586 est,
1013 2531 1336 2587 Lycophronem
1371 2541 1518 2573 caussa
1549 2543 1628 2573 ce-

230 2601 384 2645 cidisse
426 2613 692 2656 consequens
729 2608 804 2645 est.
890 2602 1086 2658 Legimus
1126 2607 1374 2656 praeterea,
1417 2613 1629 2656 nunquam

231 2672 469 2729 Lycurgum
513 2684 751 2727 quenquam
792 2672 959 2727 publico
1011 2670 1166 2715 iudicio
1210 2670 1485 2725 postulavisse
1529 2670 1628 2725 quin

235 2742 393 2785 vicerit.
