1795 3218
676 205 1180 252 PRAEFATIO.
1563 217 1625 251 vu

236 334 462 389 virorum,
498 344 612 391 quos
648 336 773 379 nullo
808 347 1008 392 unquam
1044 346 1149 379 meo
1195 334 1415 378 beneficio
1458 345 1628 389 provo-

237 428 433 470 cassem,
472 428 580 470 erga
609 428 683 459 me
717 417 981 471 benignitas.
1054 416 1182 469 Quae
1226 418 1380 460 omnia
1413 416 1627 467 fecerunt,

235 500 285 541 ut
320 511 377 543 ex
417 498 557 552 longo
603 499 808 553 tempore
855 499 1028 542 nullum
1079 497 1198 541 diem
1238 498 1474 542 laetiorem
1519 498 1629 541 mibi

238 579 393 622 videar
426 579 596 633 egisse,
633 590 769 634 quam
805 591 908 622 eum
943 590 1034 633 quo
1070 579 1353 633 praeclarum
1388 579 1476 622 hoc
1497 579 1628 622 Attici

238 660 407 715 eloquii
441 663 698 717 exemplum
735 663 781 705 in
816 673 976 707 manus
1012 675 1190 707 sumere
1239 663 1282 704 et
1324 661 1467 716 plenis
1512 662 1629 704 hau-

237 741 377 784 stibus
411 744 671 787 combibere
698 744 835 787 licuit.
905 743 1060 787 Sciunt
1093 744 1170 799 qui
1192 744 1271 786 illo
1300 742 1373 785 die
1393 743 1514 785 -is
1528 742 1628 786 festi

238 823 460 877 paschalis
495 825 665 880 primus
704 826 796 868 ‘fuit
833 849 894 857 ——
944 825 1062 868 forte
1110 837 1183 867 me
1230 827 1537 868 convenerunt
1580 825 1626 867 in

241 904 441 959 opiparis
477 905 665 960 dapibus
692 906 1025 958 luxuriantem,
1060 904 1214 948 Herm.
1246 904 1450 956 Lotzius,
1495 905 1629 948 fami-

238 984 361 1027 liaris
388 996 515 1027 meus
552 988 596 1028 et
626 980 802 1036 γείτων,
819 976 1085 1038 ὁμότοιχος,
1128 987 1262 1039 atque
1286 984 1335 1027 Β.
1357 984 1405 1027 L.
1430 983 1630 1028 Gilders-

239 1065 423 1118 leevius‚
458 1066 776 1119 Americanus‚
826 1089 888 1097 —-
933 1066 1059 1108 cuius
1106 1077 1191 1119 ego
1232 1065 1334 1119 post
1384 1064 1629 1107 discessum

241 1146 339 1200 pari
374 1158 477 1189 cum
512 1146 738 1189 desiderio
770 1147 956 1190 memini
991 1149 1125 1201 atque
1161 1144 1214 1189 G.
1244 1145 1307 1188 M.
1334 1144 1486 1199 Lanii,
1519 1148 1629 1189 civis

240 1228 339 1280 sui,
375 1228 576 1270 virorum
609 1228 824 1271 iuvenum
862 1230 906 1271 et
940 1228 1137 1271 candore
1171 1228 1310 1271 animi
1351 1229 1630 1282 praecellen-

238 1308 350 1351 tium
386 1310 428 1350 et
464 1308 522 1351 ad
555 1308 780 1352 ornandas
814 1308 862 1351 in
894 1308 973 1352 illo
1009 1309 1122 1352 orbe
1156 1309 1326 1352 litteras
1357 1309 1630 1363 antiquitatis

238 1380 459 1432 natorum.
499 1412 560 1419 —

341 1475 450 1519 Esto
492 1476 719 1531 profecto,
768 1476 927 1519 viderit
970 1475 1059 1520 hoc
1105 1476 1349 1530 saeculum,
1400 1487 1517 1531 quae
1562 1476 1630 1519 est

238 1557 334 1599 eius
370 1557 427 1599 ab
464 1557 550 1599 hac
595 1559 723 1611 parte
765 1557 1003 1612 singularis
1054 1557 1268 1610 felicitas,
1311 1557 1435 1600 haud
1484 1568 1630 1612 pauca

240 1637 518 1683 Graecorum
547 1636 947 1696 Romanorumque
986 1641 1256 1696 scriptorum
1292 1652 1461 1696 opera,
1512 1652 1628 1694 quae

236 1720 284 1762 in
314 1723 548 1763 aeternum
582 1722 759 1774 sepulta
794 1722 1116 1765 credebantur:
1150 1734 1296 1777 pauca
1331 1722 1561 1763 redieruut
1582 1721 1626 1761 in

237 1800 406 1852 lucem,
442 1812 559 1854 quae
599 1813 704 1844 cum
737 1802 783 1845 vi
813 1805 858 1845 et
886 1802 1160 1846 iucunditate
1209 1802 1461 1855 argumenti
1508 1801 1627 1844 hanc

236 1881 457 1924 sermonis
492 1881 755 1935 sanitatem,
794 1882 912 1926 hanc
957 1885 1100 1927 artem
1143 1882 1483 1938 compositionis
1516 1893 1628 1925 con-

237 1963 435 2007 iunctam
472 1963 704 2007 haberent.
774 1963 889 2008 Vere
925 1965 1153 2008 affirmare
1190 1975 1401 2019 possum,
1429 1962 1475 2005 id
1505 1964 1626 2017 quod

235 2055 356 2087 nunc
389 2051 496 2086 suus
526 2042 750 2099 quemque
784 2055 893 2088 usus
928 2046 1125 2099 docebit,
1166 2048 1268 2102 post
1302 2045 1532 2088 Tullianos
1569 2044 1626 2088 de

234 2130 345 2184 Rep.
376 2128 517 2171 libros
553 2130 663 2172 nihil
698 2141 885 2184 prorsus
920 2144 977 2174 ex
1012 2132 1137 2174 libris
1162 2143 1300 2173 manu
1318 2130 1494 2185 scriptis
1518 2141 1625 2183 pro-

235 2210 377 2264 disse,
420 2210 543 2265 quod
579 2221 682 2253 cum
715 2210 806 2254 hoc
838 2212 1097 2256 orationum
1132 2212 1232 2267 pari
1266 2211 1408 2266 possit
1439 2213 1626 2253 conten-

234 2290 356 2334 dere.
424 2291 540 2335 Nam
567 2293 731 2348 reliqui
760 2294 865 2337 libri
901 2294 1076 2346 vetusti,
1109 2293 1186 2348 qui
1221 2304 1278 2336 ex
1314 2291 1516 2335 claustris
1553 2290 1622 2331 bi-

232 2373 559 2417 bliothecarum
588 2385 735 2428 nuper
770 2375 952 2418 demum
987 2375 1139 2418 emissi
1167 2375 1284 2425 sunt,
1316 2371 1518 2426 plerique
1550 2371 1623 2414 vel

234 2459 427 2501 aetatem
472 2470 567 2502 non
603 2458 823 2512 attingunt
861 2459 1060 2514 priorem
1112 2459 1157 2500 et
1203 2468 1339 2513 quam
1389 2456 1622 2499 classicam

232 2548 568 2598 nuncupamus;
604 2545 675 2588 vel
711 2543 769 2588 ad
803 2555 883 2588 eos
918 2543 1142 2599 pertinent
1172 2545 1393 2596 auctores,
1428 2554 1620 2597 quorum

232 2628 322 2673 alia
377 2630 527 2673 tamen
585 2632 848 2687 supererant
890 2629 1160 2674 documenta
1213 2629 1402 2684 ingenii3
1458 2628 1529 2671 vel
1591 2640 1619 2671 a

231 2715 418 2769 pristina
449 2715 598 2771 specie
639 2717 809 2773 delapsi
844 2716 1140 2773 perexiguum
1171 2715 1386 2760 ambitum
1424 2713 1617 2765 habent;
