1795 3218
210 260 278 309 60
666 265 1052 312 SC-HOLIA.

207 401 278 434 τις
317 387 383 434 εἰς
424 382 594 430 δούλου
630 385 762 452 σῶμα
792 384 989 444 υβρίοη,
1017 381 1215 443 γραφεὶς
1230 384 1349 431 εἶναι
1377 383 1509 444 κατὰ
1523 385 1611 432 τοῦ

204 450 503 510 ὖβρίσαντος.
578 455 650 499 His
680 457 797 511 paria
826 457 1018 511 posuisse
1047 457 1288 513 Lycurgum
1321 458 1394 500 ἐν
1402 455 1469 514 τῷ
1491 451 1609 501 κατα

205 521 510 580 Λυκόφρονος
540 521 701 583 πρώτῳ
712 531 874 570 auctor
889 525 1135 570 Athenaeus
1152 524 1440 583 estv1‚266¹“
1471 524 1608 568 Usur—

205 600 382 649 paverat
432 594 540 637 haec
582 601 826 654 accusator,
868 601 913 639 ut
955 597 1149 652 doceret,
1204 606 1281 640 cur
1321 577 1610 652 Lycophronis

206 664 379 706 crimina
424 663 551 719 digna
595 667 854 724 εισαγγελίᾳ
900 672 1057 710 essent.
1094 665 1289 711 Eodem
1326 665 1609 708 revolvuntur

204 733 337 775 verba
368 732 418 775 fr.
454 731 502 775 1:
549 728 809 789 ,Θαυμαζω
831 730 875 779 δ’
908 732 989 792 ἐγώ
1020 738 1062 779 εἰ
1091 731 1200 784 τοὺς
1238 729 1609 790 ἄνδραποδιστᾶς

205 803 298 848 τῶν
328 804 516 847 οἰκετῶν
545 797 671 859 ἡμᾶς
701 797 1079 860 ἀποστεροῦντας
1118 798 1270 857 μόνον
1309 796 1520 860 θανάτῳ
1532 804 1610 858 ζη-

202 870 432 926 μιοῦμεν,
463 884 537 913 eos
564 883 668 914 vero
699 871 771 926 qui
803 871 948 913 liberis
978 870 1212 914 hominibus
1236 871 1322 914 vim
1351 869 1541 924 inferant
1566 874 1610 911 et

203 953 375 984 sorores
405 943 478 985 vel
505 955 665 985 uxores
695 947 864 985 nostras
886 943 1220 998 nobis—eripiant
1237 939 1384 998 (potius
1410 954 1606 985 comm-

202 1011 319 1069 pant)
333 1045 345 1068 ,
376 1012 535 1055 leviore
562 1026 704 1068 poena
733 1013 956 1067 afficimus.
1015 1013 1062 1056 In
1091 1013 1204 1063 hunc
1229 1012 1398 1065 modum
1426 1012 1608 1068 explevit

204 1083 451 1125 sententiam
482 1083 689 1138 Sauppius
720 1084 951 1127 verissime.
1014 1082 1210 1126 Ceterum
1231 1082 1457 1138 ⁴Lycurgus
1486 1083 1607 1126 latius

204 1153 438 1206 expatiatus
475 1153 642 1196 videtur
688 1149 814 1196 etiam'
849 1154 892 1195 in
922 1153 988 1196 his
1027 1152 1320 1208 orationibus,
1359 1157 1408 1200 ut
1442 1152 1608 1196 solebat

205 1219 521 1279 παρεκβάσεσι
565 1222 768 1281 χρῆσθαι
807 1222 882 1266 ἐπὶ
924 1219 1117 1278 μύθους
1161 1222 1235 1267 καὶ
1277 1221 1478 1277 ἱστορίας
1530 1222 1605 1267 καὶ

205 1290 447 1347 ποιήματα
480 1290 749 1348 φερόμενος.

292 1363 557 1418 Hyperideae
590 1363 793 1406 orationis
822 1368 990 1418 praeter
1017 1363 1085 1405 illa
1122 1376 1230 1418 quae
1250 1375 1376 1419 supra
1396 1363 1606 1419 tetigimus

207 1431 291 1475 duo
324 1438 550 1488 supersunt
579 1432 661 1475 loci
702 1446 757 1475 ex
787 1446 839 1476 ea
868 1439 986 1489 parte
1006 1446 1115 1491 quae
1132 1434 1282 1478 amissa
1301 1438 1378 1477 est.
1426 1434 1605 1479 Primum

204 1502 337 1546 refert
367 1503 513 1545 Pollux
542 1502 583 1559 2,
608 1500 712 1545 152:
739 1499 1006 1561 ‘I’mpsa'dnc
1036 1507 1086 1550 ἐν
1116 1504 1178 1564 τῷ
1206 1498 1331 1560 ὑπὲρ
1358 1498 1606 1560 Λυκόφρο-

205 1589 288 1624 νος
319 1572 393 1617 καὶ
423 1567 475 1617 τὸ
506 1567 601 1617 ὑπὸ
628 1572 722 1617 τῶν
754 1572 937 1618 πολλῶν
970 1567 1326 1630 ὀνομαζόμενον
1363 1566 1605 1631 χειρόγρα-

207 1659 297 1699 φον
327 1651 478 1703 χεῖρα
506 1638 781 1699 ὠνόμασεν,
810 1641 976 1689 εἰπών·
1026 1640 1165 1688 οὔτε
1207 1636 1311 1701 γάρ
1350 1641 1450 1700 τὴν
1479 1646 1605 1688 ἑαυ-

206 1713 309 1756 τοῦ
364 1722 514 1771 χεῖρα
565 1708 810 1758 δυνατὸν
858 1707 1263 1769 ἀρνήσασθαι,
1307 1725 1416 1767 quae
1472 1713 1602 1755 verba

205 1782 409 1838 Babingto
441 1784 493 1825 ad
521 1782 780 1838 Euphemum
819 1784 1031 1837 pertinere
1069 1784 1302 1838 suspicatus
1340 1787 1415 1826 est.
1486 1782 1605 1826 Alter

204 1853 324 1896 locus
355 1858 418 1896 est
448 1853 605 1895 Polluc.
647 1853 688 1908 9,
722 1851 819 1908 137,
860 1853 932 1895 ubi
970 1851 1291 1908 νωθρεύεσθαι
1326 1853 1446 1896 verbi
1482 1865 1603 1897 usum

207 1924 316 1978 apud
346 1923 588 1979 Hyperiden
620 1925 667 1968 ἐν
699 1923 758 1979 τῷ
788 1920 909 1979 ὑπὲρ
939 1920 1245 1979 Λυκόφρονος
1273 1923 1493 1978 vituperat.

296 2000 596 2043 Percurremus
628 1999 830 2043 orationis
879 2010 983 2054 quas
1019 1998 1361 2053 recuperavimus
1405 1999 1603 2054 reliquias

206 2073 331 2126 ipsas.
402 2071 622 2126 Lycurgus
662 2082 758 2112 cum
799 2081 997 2112 acervum
1040 2068 1254 2111 criminum
1291 2069 1334 2111 in
1373 2070 1603 2113 orationem

207 2155 325 2186 suam
367 2142 688 2197 constipavisset
732 2153 825 2183 cum
865 2140 1062 2195 primario
1107 2140 1281 2184 crimine
1317 2140 1603 2197 Lycophronis

203 2226 351 2268 parum
383 2213 722 2263 coniunctorum,
752 2212 972 2267 prooemio
1002 2222 1103 2254 reus
1132 2216 1279 2267 rogat,
1308 2216 1352 2254 ut
1380 2224 1459 2266 per
1488 2212 1602 2254 iudi-

205 2295 279 2326 ces
311 2283 389 2325 sibi
417 2282 542 2323 liceat
571 2282 860 2324 defensionem
887 2281 1024 2336 prouti
1054 2281 1133 2335 ipsi
1162 2281 1354 2323 videatur
1372 2293 1600 2337 peragere:

204 2367 286 2398 nec
318 2353 558 2409 quisquam,
588 2353 741 2408 inquit,
769 2351 867 2394 mihi
899 2352 1131 2407 obstrepat,
1161 2351 1197 2395 si
1219 2363 1602 2396 commemoravero

206 2438 316 2479 quae
346 2438 370 2467 a
400 2438 449 2468 re
485 2425 575 2479 ipsa
612 2424 802 2467 seiuncta
841 2422 1118 2478 videbuntur,
1159 2414 1269 2464 neve
1299 2422 1600 2478 crepet-istuc:

209 2494 341 2549 „Quid
372 2499 417 2537 tu
446 2493 553 2537 haec
591 2494 711 2537 nobis
746 2492 970 2547 ιιιιιϊειεῖιί(Ἴ
1023 2491 1146 2536 Istam
1194 2492 1305 2535 enim
1346 2492 1601 2536 accusatoris

207 2564 369 2618 culpam
401 2576 509 2607 esse.
587 2563 750 2606 Deinde
780 2565 822 2606 in
850 2563 933 2606 fine
963 2562 1250 2619 praefationis,
1296 2566 1342 2604 ut
1369 2561 1411 2603 in
1450 2573 1599 2606 caussa

205 2634 393 2691 capitali,
424 2638 465 2676 et
494 2633 596 2677 deos
624 2634 814 2690 invocat,
845 2639 891 2678 ut
925 2646 973 2678 se
1011 2645 1065 2677 ex
1102 2632 1184 2677 hoc
1223 2632 1409 2689 periculo
1439 2633 1598 2677 salvum

204 2706 354 2759 velint,
387 2709 429 2746 et
458 2703 630 2759 iudices,
661 2710 708 2747 ut
737 2709 893 2747 attente
923 2716 1021 2748 sese
1052 2704 1235 2758 audiant,
1266 2702 1508 2746 obtestatur.

298 2777 416 2827 Quae
449 2789 503 2820 ex
532 2777 671 2833 priore
701 2781 819 2834 parte
850 2776 1105 2823 defensionis
1145 2776 1367 2833 decerptae
1392 2777 1599 2833 ‘particu-
