1795 3218
244 225 326 257 vm
678 214 1194 262 PRAEFATIO.

243 342 312 385 vel
348 339 543 396 denique
580 364 649 371 —
694 353 811 396 quae
856 343 1006 387 maior
1048 355 1154 400 pars
1202 346 1268 388 est
1304 367 1372 375 —
1405 345 1463 388 ab
1503 357 1639 400 argu-

239 425 393 466 mento
438 422 814 467 commendantur
848 425 965 478 solo,
999 436 1095 469 non
1130 438 1159 469 a
1189 428 1423 469 venustate
1453 426 1642 488 formae,

239 506 397 560 utpote
433 503 492 547 ad
527 504 782 548 docendum
815 504 1034 550 duntaxat
1068 506 1202 560 facti,
1239 518 1334 550 non
1371 510 1419 552 ut
1454 510 1498 551 et
1532 513 1641 563 pro-

239 586 328 628 sint
364 588 409 628 et
445 585 683 629 delectent.
769 586 1084 631 Laudatissimi
1120 590 1270 632 autem
1301 590 1411 633 olim
1447 590 1640 634 oratoris

239 679 382 723 opera
428 679 534 711 cum
579 670 835 722 temporum
880 669 1047 713 iniuria
1092 670 1342 725 intercepta
1389 673 1538 714 essent
1573 693 1642 702 --

238 749 433 803 pessime
471 748 592 791 enim
630 760 687 791 ex
721 748 880 792 decem
917 750 1177 793 oratoribus
1214 755 1364 793 actum
1411 763 1505 794 uno
1538 762 1641 794 cum

238 828 465 884 Hyperide
500 832 568 873 est
603 855 698 883 —,
743 830 904 886 papyri
952 832 1102 874 autem
1153 830 1403 874 Harrisiani
1452 831 1657 874 frustula,

238 911 459 965 quasdam
497 913 627 966 quasi
662 912 858 966 guttulas
887 924 944 955 ex
966 923 1141 956 oceano
1165 912 1486 967 aspersissent:
1519 923 1640 956 nunc

237 992 484 1035 Ardeniani
515 993 618 1036 libri
637 993 859 1036 beneficio
884 994 1026 1037 altera
1050 994 1211 1045 oratio,
1234 1005 1353 1047 quae
1375 1005 1433 1035 ne
1453 993 1639 1035 nomine

236 1073 421 1127 quidem
457 1076 567 1116 nota.
600 1075 727 1125 erat,
772 1085 916 1128 paene
947 1074 1101 1127 salva,
1148 1074 1332 1116 alterius
1374 1073 1497 1117 bona
1534 1084 1637 1128 pars

236 1156 482 1210 perniciem
517 1158 771 1199 evaserunt.
861 1155 1090 1199 Venerunt
1137 1158 1288 1198 autem
1337 1155 1457 1198 unde
1501 1166 1638 1198 nemo

233 1248 292 1279 ne
325 1248 408 1291 per
442 1235 670 1279 somnium
707 1234 889 1289 quidem
921 1239 1204 1290 expectat-at,
1234 1248 1291 1278 ex
1319 1237 1554 1290 sepulcrm
1590 1239 1638 1278 ut

235 1316 495 1372 Hyperiden
529 1316 749 1359 revixisse
798 1316 950 1370 aliqua
996 1319 1123 1370 parte
1169 1317 1240 1359 sui
1285 1319 1330 1359 et
1375 1318 1432 1359 ab
1483 1317 1637 1359 inferis

234 1398 546 1441 resuscitatum
577 1408 676 1440 esse
713 1397 811 1440 iure
847 1397 1010 1439 merito
1046 1396 1229 1440 dixeris.
1310 1396 1516 1451 Denique
1555 1410 1638 1441 co-

234 1479 325 1521 dex
355 1479 453 1533 ipse
487 1477 773 1521 venerandae
805 1478 1037 1521 vetustatis
1076 1500 1138 1510 --
1169 1478 1238 1520 bis
1275 1479 1398 1521 mille
1427 1490 1571 1521 annos
1595 1479 1636 1521 ei

165 1572 177 1588 κ
231 1560 435 1603 tribuunt
469 1582 561 1610 —,
619 1570 755 1613 quem
798 1558 1070 1614 discerptum
1118 1561 1163 1601 et
1205 1570 1369 1613 magna
1417 1572 1474 1602 ex
1506 1562 1634 1615 parte

232 1640 488 1684 mutilatum
516 1650 616 1683 esse
653 1640 917 1694 gravissime
941 1640 1161 1693 dolemus,
1192 1640 1333 1684 verba
1358 1653 1503 1696 paene
1527 1642 1634 1685 talia

232 1721 529 1764 custodivisse
562 1721 761 1774 videtur,
793 1722 944 1775 qualia
979 1721 1036 1764 de
1070 1721 1307 1775 Hyperidis
1338 1734 1477 1765 manu
1496 1723 1634 1766 exie-

230 1806 344 1846 rant.
415 1803 614 1847 Tametsi
648 1801 873 1846 interdum
906 1802 1091 1847 librario
1128 1802 1297 1857 aliquid
1332 1803 1519 1847 humani
1556 1816 1634 1847 ac-

232 1885 367 1928 cidit:
401 1896 493 1939 quo
528 1885 677 1927 minus
715 1883 923 1937 religioni
949 1883 1115 1926 ducere
1146 1884 1385 1937 oportebat
1413 1884 1631 1928 editorem

230 1977 315 2021 pro
351 1977 401 2008 re
434 1966 567 2008 nutus
604 1965 763 2019 papyri
792 1965 1065 2020 posthabere
1100 1965 1277 2008 rationi.

337 2051 427 2105 Qui
465 2063 515 2094 se
548 2051 617 2094 his
653 2051 855 2106 reliquiis
888 2050 1107 2095 editorem
1144 2052 1305 2094 obtulit
1327 2052 1396 2095 vir
1419 2064 1634 2096 reveren-

230 2134 339 2187 dus,
377 2129 612 2178 Churckoe'll
642 2129 936 2193 Babiuqton,
974 2144 1138 2178 munus
1163 2144 1297 2177 suum
1329 2144 1506 2177 summa
1527 2145 1629 2177 cum

230 2214 319 2258 fide
345 2217 559 2258 executus
582 2218 662 2258 est.
715 2214 933 2258 Sollerter
955 2214 1114 2257 ductus
1146 2195 1395 2257 litterarum
1419 2215 1631 2258 enuclea-

227 2296 319 2349 vit,
355 2296 508 2340 lacera
542 2295 905 2352 reconcinnavit‚
940 2296 1154 2349 corrupta
1189 2293 1401 2347 restituit,
1436 2293 1483 2337 in
1518 2295 1629 2339 locis

230 2377 475 2432 desperatis
510 2377 575 2421 ita
609 2386 702 2420 non
738 2386 930 2432 parcens
966 2374 1127 2427 labori,
1157 2377 1206 2418 ut
1224 2386 1406 2419 omnem
1434 2375 1629 2429 lapidem

223 2462 423 2505 moverit
458 2473 543 2504 nec
577 2462 626 2505 in
662 2460 943 2517 exquirendo
981 2471 1091 2504 vero
1114 2458 1380 2514 defetigatus
1408 2471 1628 2515 papyrum

229 2549 379 2604 ipsum
433 2546 678 2590 identidem
723 2547 1022 2600 consuluerit,
1069 2548 1300 2601 postremo
1349 2546 1420 2589 vel
1461 2546 1629 2591 instru-

229 2638 383 2679 menta
414 2633 524 2678 artis
560 2634 814 2678 adhibuerit
855 2635 912 2678 ad
946 2631 1266 2676 intendendam
1301 2632 1443 2677 aciem
1466 2632 1627 2676 oculo-

230 2732 344 2762 rum.
416 2718 482 2762 1ta
515 2731 610 2763 non
646 2731 752 2762 raro
795 2720 866 2761 vel
903 2715 1147 2760 divinando
1185 2720 1412 2761 assecutus
1460 2717 1526 2759 est
1555 2716 1626 2760 vel
