<?xml version="1.0" encoding="UTF-8"?>
<!DOCTYPE html PUBLIC "-//W3C//DTD XHTML 1.0 Transitional//EN"
    "http://www.w3.org/TR/xhtml1/DTD/xhtml1-transitional.dtd">
<html xmlns="http://www.w3.org/1999/xhtml" xml:lang="en" lang="en">
 <head>
  <title>
</title>
<meta http-equiv="Content-Type" content="text/html;charset=utf-8" />
  <meta name='ocr-system' content='tesseract 3.04.00' />
  <meta name='ocr-capabilities' content='ocr_page ocr_carea ocr_par ocr_line ocrx_word'/>
</head>
<body>
  <div class='ocr_page' id='page_1' title='image "./4737197_0072.png"; bbox 0 0 1795 3218; ppageno 0'>
   <div class='ocr_carea' id='block_1_1' title="bbox 197 251 1074 302">
    <p class='ocr_par' dir='ltr' id='par_1_1' title="bbox 197 251 1074 302">
     <span class='ocr_line' id='line_1_1' title="bbox 197 251 1074 302; baseline 0 -2"><span class='ocrx_word' id='word_1_1' title='bbox 197 251 263 300; x_wconf 88' lang='grc'><strong><em>42</em></strong></span> <span class='ocrx_word' id='word_1_2' title='bbox 687 255 1074 302; x_wconf 85' lang='lat' dir='ltr'>SCHOLIA.</span> 
     </span>
    </p>
   </div>
   <div class='ocr_carea' id='block_1_2' title="bbox 190 376 1597 2813">
    <p class='ocr_par' dir='ltr' id='par_1_2' title="bbox 192 376 1591 644">
     <span class='ocr_line' id='line_1_2' title="bbox 194 376 1586 433; baseline 0.002 -13"><span class='ocrx_word' id='word_1_3' title='bbox 194 378 363 421; x_wconf 88' lang='lat' dir='ltr'><strong>leinium</strong></span> <span class='ocrx_word' id='word_1_4' title='bbox 395 377 448 420; x_wconf 90' lang='lat' dir='ltr'><strong><em>de</em></strong></span> <span class='ocrx_word' id='word_1_5' title='bbox 488 377 623 420; x_wconf 91' lang='lat' dir='ltr'><strong>modis</strong></span> <span class='ocrx_word' id='word_1_6' title='bbox 662 390 806 433; x_wconf 83' lang='lat' dir='ltr'><strong>graec.</strong></span> <span class='ocrx_word' id='word_1_7' title='bbox 847 391 886 432; x_wconf 89' lang='lat' dir='ltr'><strong><em>p.</em></strong></span> <span class='ocrx_word' id='word_1_8' title='bbox 933 376 1020 420; x_wconf 82' lang='lat'><strong><em>238</em></strong></span> <span class='ocrx_word' id='word_1_9' title='bbox 1058 389 1149 432; x_wconf 87' lang='lat' dir='ltr'><strong>sqq.</strong></span> <span class='ocrx_word' id='word_1_10' title='bbox 1212 377 1365 421; x_wconf 82' lang='lat' dir='ltr'>Tamen</span> <span class='ocrx_word' id='word_1_11' title='bbox 1407 390 1501 421; x_wconf 90' lang='lat' dir='ltr'><strong><em>cum</em></strong></span> <span class='ocrx_word' id='word_1_12' title='bbox 1540 378 1586 423; x_wconf 88' lang='lat' dir='ltr'><strong><em>G.</em></strong></span> 
     </span>
     <span class='ocr_line' id='line_1_3' title="bbox 192 445 1589 504; baseline 0.001 -15"><span class='ocrx_word' id='word_1_13' title='bbox 192 447 409 490; x_wconf 84' lang='lat' dir='ltr'><strong>Dindorfio</strong></span> <span class='ocrx_word' id='word_1_14' title='bbox 439 446 549 490; x_wconf 81' lang='lat' dir='ltr'><strong>facio</strong></span> <span class='ocrx_word' id='word_1_15' title='bbox 581 447 782 504; x_wconf 83' lang='lat' dir='ltr'><strong>aliisque,</strong></span> <span class='ocrx_word' id='word_1_16' title='bbox 814 447 965 502; x_wconf 87' lang='lat' dir='ltr'><strong>quibus</strong></span> <span class='ocrx_word' id='word_1_17' title='bbox 986 445 1029 489; x_wconf 89' lang='lat' dir='ltr'><strong><em>in</em></strong></span> <span class='ocrx_word' id='word_1_18' title='bbox 1052 447 1241 491; x_wconf 78' lang='lat' dir='ltr'><strong>oratione</strong></span> <span class='ocrx_word' id='word_1_19' title='bbox 1259 446 1444 503; x_wconf 76' lang='lat' dir='ltr'><strong><em>pedestri</em></strong></span> <span class='ocrx_word' id='word_1_20' title='bbox 1459 460 1589 502; x_wconf 88' lang='lat' dir='ltr'><strong>prae-</strong></span> 
     </span>
     <span class='ocr_line' id='line_1_4' title="bbox 193 516 1591 572; baseline 0 -12"><span class='ocrx_word' id='word_1_21' title='bbox 193 524 259 560; x_wconf 82' lang='lat' dir='ltr'><strong><em>ter</em></strong></span> <span class='ocrx_word' id='word_1_22' title='bbox 287 517 548 560; x_wconf 89' lang='lat' dir='ltr'><strong>Herodotum</strong></span> <span class='ocrx_word' id='word_1_23' title='bbox 576 523 617 559; x_wconf 79' lang='lat' dir='ltr'><strong><em>et</em></strong></span> <span class='ocrx_word' id='word_1_24' title='bbox 646 516 929 572; x_wconf 81' lang='lat' dir='ltr'><strong>Thucydidem</strong></span> <span class='ocrx_word' id='word_1_25' title='bbox 956 517 1147 571; x_wconf 86' lang='lat' dir='ltr'><strong>exempla</strong></span> <span class='ocrx_word' id='word_1_26' title='bbox 1170 517 1372 560; x_wconf 89' lang='lat' dir='ltr'><strong>eiusmodi</strong></span> <span class='ocrx_word' id='word_1_27' title='bbox 1396 524 1591 572; x_wconf 81' lang='lat' dir='ltr'><strong>suspecta</strong></span> 
     </span>
     <span class='ocr_line' id='line_1_5' title="bbox 196 583 1185 644; baseline -0.001 -13"><span class='ocrx_word' id='word_1_28' title='bbox 196 592 313 644; x_wconf 82' lang='lat' dir='ltr'><strong>sunt,</strong></span> <span class='ocrx_word' id='word_1_29' title='bbox 344 601 385 632; x_wconf 88' lang='lat' dir='ltr'><strong><em>v.</em></strong></span> <span class='ocrx_word' id='word_1_30' title='bbox 417 586 538 630; x_wconf 91' lang='lat' dir='ltr'><strong>Thes.</strong></span> <span class='ocrx_word' id='word_1_31' title='bbox 570 585 770 643; x_wconf 80' lang='lat' dir='ltr'><strong>Stephani</strong></span> <span class='ocrx_word' id='word_1_32' title='bbox 798 585 875 642; x_wconf 89' lang='lat' dir='ltr'><strong><em>VI,</em></strong></span> <span class='ocrx_word' id='word_1_33' title='bbox 904 598 943 641; x_wconf 89' lang='lat' dir='ltr'><strong><em>p.</em></strong></span> <span class='ocrx_word' id='word_1_34' title='bbox 979 583 1094 629; x_wconf 90' lang='grc'><strong><em>1600</em></strong></span> <span class='ocrx_word' id='word_1_35' title='bbox 1122 598 1185 642; x_wconf 88' lang='lat' dir='ltr'><strong><em>sq.</em></strong></span> 
     </span>
    </p>

    <p class='ocr_par' dir='ltr' id='par_1_3' title="bbox 191 652 1596 1059">
     <span class='ocr_line' id='line_1_6' title="bbox 281 652 1591 714; baseline 0.002 -16"><span class='ocrx_word' id='word_1_36' title='bbox 281 657 323 713; x_wconf 89' lang='lat'><strong><em>4,</em></strong></span> <span class='ocrx_word' id='word_1_37' title='bbox 358 656 409 698; x_wconf 98' lang='grc'><strong><em>11</em></strong></span> <span class='ocrx_word' id='word_1_38' title='bbox 445 654 540 714; x_wconf 80' lang='grc' dir='ltr'><strong><em>τὴν</em></strong></span> <span class='ocrx_word' id='word_1_39' title='bbox 574 652 945 713; x_wconf 75' lang='grc' dir='ltr'><strong><em>ἀντιγραφήν]</em></strong></span> <span class='ocrx_word' id='word_1_40' title='bbox 973 656 1280 711; x_wconf 80' lang='lat' dir='ltr'><strong>Harpocration</strong></span> <span class='ocrx_word' id='word_1_41' title='bbox 1316 670 1350 700; x_wconf 92' lang='lat' dir='ltr'><strong><em>s.</em></strong></span> <span class='ocrx_word' id='word_1_42' title='bbox 1383 671 1436 713; x_wconf 88' lang='lat' dir='ltr'><strong><em>v.,</em></strong></span> <span class='ocrx_word' id='word_1_43' title='bbox 1466 670 1591 712; x_wconf 89' lang='lat' dir='ltr'><strong>quem</strong></span> 
     </span>
     <span class='ocr_line' id='line_1_7' title="bbox 196 723 1592 781; baseline 0 -11"><span class='ocrx_word' id='word_1_44' title='bbox 196 727 316 770; x_wconf 82' lang='lat' dir='ltr'><strong>affert</strong></span> <span class='ocrx_word' id='word_1_45' title='bbox 344 727 403 769; x_wconf 87' lang='lat' dir='ltr'><strong><em>B.-</em></strong></span> <span class='ocrx_word' id='word_1_46' title='bbox 434 729 486 772; x_wconf 81' lang='grc' dir='ltr'><strong><em>ἑν</em></strong></span> <span class='ocrx_word' id='word_1_47' title='bbox 516 734 613 775; x_wconf 74' lang='grc' dir='ltr'><strong><em>ταῖς</em></strong></span> <span class='ocrx_word' id='word_1_48' title='bbox 643 724 792 773; x_wconf 79' lang='grc' dir='ltr'><strong><em>δίκαις</em></strong></span> <span class='ocrx_word' id='word_1_49' title='bbox 823 732 926 775; x_wconf 76' lang='grc' dir='ltr'><strong><em>ταῖς</em></strong></span> <span class='ocrx_word' id='word_1_50' title='bbox 955 723 1201 781; x_wconf 80' lang='grc' dir='ltr'><em>δημοσίαις</em></span> <span class='ocrx_word' id='word_1_51' title='bbox 1231 723 1288 770; x_wconf 81' lang='grc' dir='ltr'><strong><em>τοὶ</em></strong></span> <span class='ocrx_word' id='word_1_52' title='bbox 1332 726 1423 771; x_wconf 84' lang='grc' dir='ltr'><strong><em>τῶν</em></strong></span> <span class='ocrx_word' id='word_1_53' title='bbox 1461 725 1592 772; x_wconf 80' lang='grc' dir='ltr'><strong><em>δικα-</em></strong></span> 
     </span>
     <span class='ocr_line' id='line_1_8' title="bbox 198 790 1596 854; baseline -0.002 -12"><span class='ocrx_word' id='word_1_54' title='bbox 198 797 404 854; x_wconf 81' lang='grc' dir='ltr'><strong><em>ζομένων</em></strong></span> <span class='ocrx_word' id='word_1_55' title='bbox 432 793 692 853; x_wconf 79' lang='grc' dir='ltr'><strong><em>γράμματα</em></strong></span> <span class='ocrx_word' id='word_1_56' title='bbox 710 827 724 846; x_wconf 90' lang='grc'><strong><em>,</em></strong></span> <span class='ocrx_word' id='word_1_57' title='bbox 758 790 788 837; x_wconf 72' lang='grc' dir='ltr'>ἃ</span> <span class='ocrx_word' id='word_1_58' title='bbox 818 792 1026 839; x_wconf 77' lang='grc' dir='ltr'><strong><em>ἐδίδοσαν</em></strong></span> <span class='ocrx_word' id='word_1_59' title='bbox 1056 794 1158 851; x_wconf 79' lang='grc' dir='ltr'><strong><em>περὶ</em></strong></span> <span class='ocrx_word' id='word_1_60' title='bbox 1189 796 1276 839; x_wconf 82' lang='grc' dir='ltr'><strong><em>τοῦ</em></strong></span> <span class='ocrx_word' id='word_1_61' title='bbox 1301 791 1596 851; x_wconf 69' lang='grc' dir='ltr'><strong><em>πράγματος,</em></strong></span> 
     </span>
     <span class='ocr_line' id='line_1_9' title="bbox 199 857 1594 921; baseline -0.001 -11"><span class='ocrx_word' id='word_1_62' title='bbox 199 866 273 910; x_wconf 76' lang='grc' dir='ltr'><strong><em>καὶ</em></strong></span> <span class='ocrx_word' id='word_1_63' title='bbox 304 858 361 910; x_wconf 72' lang='grc' dir='ltr'><strong><em>τοὶ</em></strong></span> <span class='ocrx_word' id='word_1_64' title='bbox 391 864 476 910; x_wconf 85' lang='grc' dir='ltr'><strong><em>τοῦ</em></strong></span> <span class='ocrx_word' id='word_1_65' title='bbox 504 861 746 912; x_wconf 74' lang='grc' dir='ltr'><strong><em>διώκοντος</em></strong></span> <span class='ocrx_word' id='word_1_66' title='bbox 782 862 857 907; x_wconf 78' lang='grc' dir='ltr'><strong><em>καὶ</em></strong></span> <span class='ocrx_word' id='word_1_67' title='bbox 900 857 958 906; x_wconf 75' lang='grc' dir='ltr'><strong><em>τοὶ</em></strong></span> <span class='ocrx_word' id='word_1_68' title='bbox 999 862 1086 908; x_wconf 81' lang='grc' dir='ltr'><strong><em>τοῦ</em></strong></span> <span class='ocrx_word' id='word_1_69' title='bbox 1133 859 1415 921; x_wconf 74' lang='grc' dir='ltr'><strong><em>φεύγοντος,</em></strong></span> <span class='ocrx_word' id='word_1_70' title='bbox 1461 859 1594 908; x_wconf 76' lang='grc' dir='ltr'><strong><em>ἅντι-</em></strong></span> 
     </span>
     <span class='ocr_line' id='line_1_10' title="bbox 191 928 1594 991; baseline -0.002 -12"><span class='ocrx_word' id='word_1_71' title='bbox 191 932 369 991; x_wconf 81' lang='grc' dir='ltr'><strong><em>γραφὴ,</em></strong></span> <span class='ocrx_word' id='word_1_72' title='bbox 396 934 469 979; x_wconf 78' lang='grc' dir='ltr'><strong><em>καὶ</em></strong></span> <span class='ocrx_word' id='word_1_73' title='bbox 500 928 558 979; x_wconf 76' lang='grc' dir='ltr'><strong><em>τοὶ</em></strong></span> <span class='ocrx_word' id='word_1_74' title='bbox 589 929 847 990; x_wconf 84' lang='grc' dir='ltr'><strong><em>μαρτύρια·</em></strong></span> <span class='ocrx_word' id='word_1_75' title='bbox 879 931 1190 988; x_wconf 75' lang='grc' dir='ltr'><em>Δημοσθένης</em></span> <span class='ocrx_word' id='word_1_76' title='bbox 1210 929 1324 976; x_wconf 81' lang='grc' dir='ltr'><strong><em>κατοῖ</em></strong></span> <span class='ocrx_word' id='word_1_77' title='bbox 1352 930 1594 988; x_wconf 74' lang='grc' dir='ltr'><strong><em>Στεφάνου</em></strong></span> 
     </span>
     <span class='ocr_line' id='line_1_11' title="bbox 195 1000 1514 1059; baseline -0.003 -10"><span class='ocrx_word' id='word_1_78' title='bbox 195 1004 268 1049; x_wconf 79' lang='grc' dir='ltr'><strong><em>καὶ</em></strong></span> <span class='ocrx_word' id='word_1_79' title='bbox 296 1000 596 1059; x_wconf 70' lang='grc' dir='ltr'><strong><em>’Υπερείδης,</em></strong></span> <span class='ocrx_word' id='word_1_80' title='bbox 628 1001 680 1044; x_wconf 89' lang='lat' dir='ltr'><strong><em>fr.</em></strong></span> <span class='ocrx_word' id='word_1_81' title='bbox 713 1000 800 1044; x_wconf 84' lang='lat'><strong><em>258</em></strong></span> <span class='ocrx_word' id='word_1_82' title='bbox 831 1002 1009 1057; x_wconf 83' lang='lat' dir='ltr'>Sauppe.</span> <span class='ocrx_word' id='word_1_83' title='bbox 1042 1000 1125 1044; x_wconf 83' lang='lat' dir='ltr'><strong>Cfr.</strong></span> <span class='ocrx_word' id='word_1_84' title='bbox 1155 1001 1263 1044; x_wconf 79' lang='lat' dir='ltr'><strong>infra</strong></span> <span class='ocrx_word' id='word_1_85' title='bbox 1292 1014 1333 1057; x_wconf 87' lang='lat' dir='ltr'><strong><em>p.</em></strong></span> <span class='ocrx_word' id='word_1_86' title='bbox 1368 1000 1514 1058; x_wconf 28' lang='lat' dir='ltr'>14‚s6.</span> 
     </span>
    </p>

    <p class='ocr_par' dir='ltr' id='par_1_4' title="bbox 193 1066 1597 1547">
     <span class='ocr_line' id='line_1_12' title="bbox 285 1066 1592 1130; baseline 0 -14"><span class='ocrx_word' id='word_1_87' title='bbox 285 1074 325 1129; x_wconf 88' lang='lat'><strong><em>4,</em></strong></span> <span class='ocrx_word' id='word_1_88' title='bbox 360 1072 415 1116; x_wconf 81' lang='lat'><strong><em>12</em></strong></span> <span class='ocrx_word' id='word_1_89' title='bbox 446 1068 513 1118; x_wconf 77' lang='grc' dir='ltr'><strong><em>οὐ</em></strong></span> <span class='ocrx_word' id='word_1_90' title='bbox 553 1067 636 1128; x_wconf 75' lang='grc' dir='ltr'><strong><em>μοὶ</em></strong></span> <span class='ocrx_word' id='word_1_91' title='bbox 676 1072 804 1123; x_wconf 83' lang='grc' dir='ltr'><strong><em>Δία,</em></strong></span> <span class='ocrx_word' id='word_1_92' title='bbox 845 1066 945 1130; x_wconf 81' lang='grc' dir='ltr'><strong><em>οὐχ</em></strong></span> <span class='ocrx_word' id='word_1_93' title='bbox 983 1067 1178 1128; x_wconf 83' lang='grc' dir='ltr'><strong><em>ὥσπερ]</em></strong></span> <span class='ocrx_word' id='word_1_94' title='bbox 1225 1072 1266 1114; x_wconf 88' lang='lat' dir='ltr'><strong><em>h.</em></strong></span> <span class='ocrx_word' id='word_1_95' title='bbox 1308 1085 1345 1115; x_wconf 89' lang='lat' dir='ltr'><strong><em>e.</em></strong></span> <span class='ocrx_word' id='word_1_96' title='bbox 1389 1077 1592 1116; x_wconf 82' lang='lat' dir='ltr'><strong>consueta</strong></span> 
     </span>
     <span class='ocr_line' id='line_1_13' title="bbox 195 1140 1595 1196; baseline -0.002 -10"><span class='ocrx_word' id='word_1_97' title='bbox 195 1144 367 1186; x_wconf 85' lang='lat' dir='ltr'><strong>Graecis</strong></span> <span class='ocrx_word' id='word_1_98' title='bbox 398 1144 628 1186; x_wconf 81' lang='lat' dir='ltr'><strong>brevitate:</strong></span> <span class='ocrx_word' id='word_1_99' title='bbox 658 1153 744 1182; x_wconf 81' lang='lat' dir='ltr'><strong><em>non</em></strong></span> <span class='ocrx_word' id='word_1_100' title='bbox 774 1140 836 1181; x_wconf 75' lang='lat' dir='ltr'><strong><em>ita</em></strong></span> <span class='ocrx_word' id='word_1_101' title='bbox 863 1141 936 1193; x_wconf 76' lang='lat' dir='ltr'><strong><em>aqi</em></strong></span> <span class='ocrx_word' id='word_1_102' title='bbox 970 1140 1114 1192; x_wconf 78' lang='lat' dir='ltr'><strong>decet,</strong></span> <span class='ocrx_word' id='word_1_103' title='bbox 1158 1145 1205 1182; x_wconf 82' lang='lat' dir='ltr'><strong><em>ut</em></strong></span> <span class='ocrx_word' id='word_1_104' title='bbox 1232 1141 1479 1195; x_wconf 78' lang='lat' dir='ltr'><strong><em>Polyeuctus</em></strong></span> <span class='ocrx_word' id='word_1_105' title='bbox 1508 1143 1595 1196; x_wconf 76' lang='lat' dir='ltr'><strong><em>eqit</em></strong></span> 
     </span>
     <span class='ocr_line' id='line_1_14' title="bbox 196 1210 1594 1266; baseline -0.001 -10"><span class='ocrx_word' id='word_1_106' title='bbox 196 1227 289 1256; x_wconf 83' lang='lat' dir='ltr'><strong><em>cum</em></strong></span> <span class='ocrx_word' id='word_1_107' title='bbox 320 1214 431 1256; x_wconf 77' lang='lat' dir='ltr'><strong>dixit</strong></span> <span class='ocrx_word' id='word_1_108' title='bbox 462 1242 649 1257; x_wconf 88' lang='grc'><strong>.....</strong></span> <span class='ocrx_word' id='word_1_109' title='bbox 704 1211 767 1253; x_wconf 90' lang='lat' dir='ltr'><strong><em>De</em></strong></span> <span class='ocrx_word' id='word_1_110' title='bbox 806 1211 985 1264; x_wconf 83' lang='lat' dir='ltr'><strong>repetita</strong></span> <span class='ocrx_word' id='word_1_111' title='bbox 1029 1211 1257 1266; x_wconf 73' lang='lat' dir='ltr'>negatione</span> <span class='ocrx_word' id='word_1_112' title='bbox 1290 1210 1378 1258; x_wconf 73' lang='lat' dir='ltr'><strong>,cfr.</strong></span> <span class='ocrx_word' id='word_1_113' title='bbox 1428 1211 1594 1256; x_wconf 83' lang='lat' dir='ltr'><strong>Homer.</strong></span> 
     </span>
     <span class='ocr_line' id='line_1_15' title="bbox 195 1274 1591 1339; baseline -0.001 -13"><span class='ocrx_word' id='word_1_114' title='bbox 195 1285 345 1339; x_wconf 81' lang='lat' dir='ltr'><strong>Odyss.</strong></span> <span class='ocrx_word' id='word_1_115' title='bbox 369 1284 411 1339; x_wconf 89' lang='lat'><strong><em>3,</em></strong></span> <span class='ocrx_word' id='word_1_116' title='bbox 436 1282 492 1325; x_wconf 87' lang='lat'><strong><em>27</em></strong></span> <span class='ocrx_word' id='word_1_117' title='bbox 524 1278 580 1326; x_wconf 83' lang='grc' dir='ltr'><strong><em>οὐ</em></strong></span> <span class='ocrx_word' id='word_1_118' title='bbox 608 1276 698 1339; x_wconf 68' lang='grc' dir='ltr'><strong><em>γάρ</em></strong></span> <span class='ocrx_word' id='word_1_119' title='bbox 727 1274 806 1324; x_wconf 83' lang='grc' dir='ltr'><strong><em>ὀίω</em></strong></span> <span class='ocrx_word' id='word_1_120' title='bbox 838 1276 916 1324; x_wconf 76' lang='grc' dir='ltr'><strong><em>Οὔ</em></strong></span> <span class='ocrx_word' id='word_1_121' title='bbox 949 1296 998 1324; x_wconf 87' lang='grc' dir='ltr'><strong><em>σε</em></strong></span> <span class='ocrx_word' id='word_1_122' title='bbox 1027 1281 1153 1324; x_wconf 74' lang='grc' dir='ltr'><strong><em>θεῶν</em></strong></span> <span class='ocrx_word' id='word_1_123' title='bbox 1184 1278 1340 1336; x_wconf 71' lang='grc' dir='ltr'><strong><em>ἀέκητι</em></strong></span> <span class='ocrx_word' id='word_1_124' title='bbox 1370 1281 1591 1336; x_wconf 73' lang='grc' dir='ltr'><strong><em>γενέσθαι</em></strong></span> 
     </span>
     <span class='ocr_line' id='line_1_16' title="bbox 193 1343 1594 1409; baseline -0.001 -12"><span class='ocrx_word' id='word_1_125' title='bbox 193 1371 245 1398; x_wconf 85' lang='grc' dir='ltr'><strong><em>τε</em></strong></span> <span class='ocrx_word' id='word_1_126' title='bbox 275 1352 511 1409; x_wconf 80' lang='grc' dir='ltr'><strong><em>τραφέμεν</em></strong></span> <span class='ocrx_word' id='word_1_127' title='bbox 542 1367 607 1394; x_wconf 89' lang='grc' dir='ltr'><strong><em>τε.</em></strong></span> <span class='ocrx_word' id='word_1_128' title='bbox 637 1348 911 1394; x_wconf 86' lang='lat' dir='ltr'><strong>Aeschrionis</strong></span> <span class='ocrx_word' id='word_1_129' title='bbox 942 1350 1062 1392; x_wconf 91' lang='lat' dir='ltr'><strong>iamb.</strong></span> <span class='ocrx_word' id='word_1_130' title='bbox 1098 1346 1136 1405; x_wconf 92' lang='lat'><strong><em>1,</em></strong></span> <span class='ocrx_word' id='word_1_131' title='bbox 1155 1348 1181 1390; x_wconf 85' lang='lat'>5</span> <span class='ocrx_word' id='word_1_132' title='bbox 1214 1345 1271 1394; x_wconf 74' lang='grc' dir='ltr'><strong><em>οὐ</em></strong></span> <span class='ocrx_word' id='word_1_133' title='bbox 1293 1343 1381 1407; x_wconf 76' lang='grc' dir='ltr'><strong><em>γοέρ</em></strong></span> <span class='ocrx_word' id='word_1_134' title='bbox 1410 1346 1482 1405; x_wconf 80' lang='grc' dir='ltr'><strong><em>μοὶ</em></strong></span> <span class='ocrx_word' id='word_1_135' title='bbox 1511 1348 1594 1396; x_wconf 83' lang='grc' dir='ltr'><strong><em>τὸν</em></strong></span> 
     </span>
     <span class='ocr_line' id='line_1_17' title="bbox 195 1415 1597 1476; baseline -0.003 -12"><span class='ocrx_word' id='word_1_136' title='bbox 195 1421 346 1472; x_wconf 85' lang='grc' dir='ltr'><strong><em>Ζεῦν,</em></strong></span> <span class='ocrx_word' id='word_1_137' title='bbox 384 1416 464 1465; x_wconf 73' lang='grc' dir='ltr'><strong><em>οὐκ</em></strong></span> <span class='ocrx_word' id='word_1_138' title='bbox 496 1415 556 1474; x_wconf 80' lang='grc' dir='ltr'><strong><em>ἦν</em></strong></span> <span class='ocrx_word' id='word_1_139' title='bbox 586 1422 632 1468; x_wconf 80' lang='grc' dir='ltr'><strong><em>ἐς</em></strong></span> <span class='ocrx_word' id='word_1_140' title='bbox 672 1416 845 1475; x_wconf 72' lang='grc' dir='ltr'><strong><em>ἄνδρας</em></strong></span> <span class='ocrx_word' id='word_1_141' title='bbox 883 1416 1073 1476; x_wconf 78' lang='grc' dir='ltr'><strong><em>μάχλος.</em></strong></span> <span class='ocrx_word' id='word_1_142' title='bbox 1132 1417 1253 1461; x_wconf 85' lang='lat' dir='ltr'><strong>Adde</strong></span> <span class='ocrx_word' id='word_1_143' title='bbox 1293 1418 1500 1475; x_wconf 85' lang='lat' dir='ltr'><strong>Kruegeri</strong></span> <span class='ocrx_word' id='word_1_144' title='bbox 1533 1432 1597 1475; x_wconf 85' lang='lat' dir='ltr'><strong><em>gr.</em></strong></span> 
     </span>
     <span class='ocr_line' id='line_1_18' title="bbox 199 1488 646 1547; baseline -0.004 -14"><span class='ocrx_word' id='word_1_145' title='bbox 199 1503 261 1546; x_wconf 87' lang='lat' dir='ltr'><strong><em>gr.</em></strong></span> <span class='ocrx_word' id='word_1_146' title='bbox 296 1489 365 1547; x_wconf 87' lang='grc'><strong><em>67,</em></strong></span> <span class='ocrx_word' id='word_1_147' title='bbox 399 1488 451 1532; x_wconf 93' lang='grc'><strong><em>11</em></strong></span> <span class='ocrx_word' id='word_1_148' title='bbox 485 1495 570 1533; x_wconf 81' lang='lat' dir='ltr'><strong>not.</strong></span> <span class='ocrx_word' id='word_1_149' title='bbox 605 1488 646 1532; x_wconf 89' lang='lat'><strong><em>3.</em></strong></span> 
     </span>
    </p>

    <p class='ocr_par' dir='ltr' id='par_1_5' title="bbox 194 1560 1595 1827">
     <span class='ocr_line' id='line_1_19' title="bbox 282 1560 1595 1622; baseline 0.002 -20"><span class='ocrx_word' id='word_1_150' title='bbox 282 1562 322 1619; x_wconf 90' lang='grc'><strong><em>4,</em></strong></span> <span class='ocrx_word' id='word_1_151' title='bbox 358 1561 411 1602; x_wconf 91' lang='grc'><strong><em>14</em></strong></span> <span class='ocrx_word' id='word_1_152' title='bbox 445 1560 865 1622; x_wconf 74' lang='grc' dir='ltr'><strong><em>ἰσχυρίζεσθαι]</em></strong></span> <span class='ocrx_word' id='word_1_153' title='bbox 911 1561 1012 1612; x_wconf 79' lang='lat' dir='ltr'><strong><em>niti,</em></strong></span> <span class='ocrx_word' id='word_1_154' title='bbox 1058 1562 1256 1615; x_wconf 82' lang='lat' dir='ltr'><strong><em>fiduciam</em></strong></span> <span class='ocrx_word' id='word_1_155' title='bbox 1298 1563 1508 1604; x_wconf 84' lang='lat' dir='ltr'><strong>collocare</strong></span> <span class='ocrx_word' id='word_1_156' title='bbox 1549 1564 1595 1604; x_wconf 79' lang='lat' dir='ltr'><strong><em>in</em></strong></span> 
     </span>
     <span class='ocr_line' id='line_1_20' title="bbox 197 1630 1593 1692; baseline 0.002 -18"><span class='ocrx_word' id='word_1_157' title='bbox 197 1633 345 1688; x_wconf 80' lang='lat' dir='ltr'><strong><em>aliqua</em></strong></span> <span class='ocrx_word' id='word_1_158' title='bbox 374 1645 448 1684; x_wconf 88' lang='lat' dir='ltr'><strong><em>re,</em></strong></span> <span class='ocrx_word' id='word_1_159' title='bbox 481 1637 528 1674; x_wconf 83' lang='lat' dir='ltr'><strong><em>ut</em></strong></span> <span class='ocrx_word' id='word_1_160' title='bbox 557 1632 601 1673; x_wconf 90' lang='lat' dir='ltr'><strong><em>in</em></strong></span> <span class='ocrx_word' id='word_1_161' title='bbox 639 1630 866 1673; x_wconf 85' lang='lat' dir='ltr'><strong>Harrisiani</strong></span> <span class='ocrx_word' id='word_1_162' title='bbox 897 1631 1043 1686; x_wconf 80' lang='lat' dir='ltr'><strong>papyri</strong></span> <span class='ocrx_word' id='word_1_163' title='bbox 1084 1632 1164 1675; x_wconf 88' lang='lat' dir='ltr'><strong>col.</strong></span> <span class='ocrx_word' id='word_1_164' title='bbox 1198 1630 1253 1674; x_wconf 87' lang='lat'><strong><em>17</em></strong></span> <span class='ocrx_word' id='word_1_165' title='bbox 1284 1632 1593 1692; x_wconf 78' lang='grc' dir='ltr'><strong><em>ἰσχυρίζεσθαι</em></strong></span> 
     </span>
     <span class='ocr_line' id='line_1_21' title="bbox 194 1697 1593 1758; baseline 0.001 -13"><span class='ocrx_word' id='word_1_166' title='bbox 194 1710 298 1751; x_wconf 85' lang='grc' dir='ltr'><strong><em>ταῖς</em></strong></span> <span class='ocrx_word' id='word_1_167' title='bbox 329 1697 607 1758; x_wconf 76' lang='grc' dir='ltr'><strong><em>διαθήκαις,</em></strong></span> <span class='ocrx_word' id='word_1_168' title='bbox 651 1701 723 1742; x_wconf 88' lang='lat' dir='ltr'><strong><em>ubi</em></strong></span> <span class='ocrx_word' id='word_1_169' title='bbox 751 1700 985 1743; x_wconf 87' lang='lat' dir='ltr'><strong>Boeckhius</strong></span> <span class='ocrx_word' id='word_1_170' title='bbox 1028 1715 1067 1757; x_wconf 92' lang='lat' dir='ltr'><strong><em>p.</em></strong></span> <span class='ocrx_word' id='word_1_171' title='bbox 1099 1702 1155 1744; x_wconf 88' lang='lat'><strong><em>45</em></strong></span> <span class='ocrx_word' id='word_1_172' title='bbox 1187 1703 1317 1745; x_wconf 81' lang='lat' dir='ltr'><strong>attulit</strong></span> <span class='ocrx_word' id='word_1_173' title='bbox 1345 1703 1508 1746; x_wconf 89' lang='lat' dir='ltr'><strong>Isaeum</strong></span> <span class='ocrx_word' id='word_1_174' title='bbox 1539 1703 1593 1746; x_wconf 90' lang='lat' dir='ltr'><strong><em>de</em></strong></span> 
     </span>
     <span class='ocr_line' id='line_1_22' title="bbox 199 1770 825 1827; baseline 0.005 -14"><span class='ocrx_word' id='word_1_175' title='bbox 199 1770 416 1827; x_wconf 81' lang='lat' dir='ltr'><strong>Cleonymi</strong></span> <span class='ocrx_word' id='word_1_176' title='bbox 445 1771 592 1815; x_wconf 88' lang='lat' dir='ltr'><strong>hered.</strong></span> <span class='ocrx_word' id='word_1_177' title='bbox 624 1771 651 1814; x_wconf 95' lang='lat'>4</span> <span class='ocrx_word' id='word_1_178' title='bbox 684 1778 725 1816; x_wconf 89' lang='lat' dir='ltr'><strong><em>et</em></strong></span> <span class='ocrx_word' id='word_1_179' title='bbox 758 1772 825 1816; x_wconf 85' lang='lat'><strong><em>11.</em></strong></span> 
     </span>
    </p>

    <p class='ocr_par' dir='ltr' id='par_1_6' title="bbox 190 1845 1596 2813">
     <span class='ocr_line' id='line_1_23' title="bbox 286 1845 1595 1909; baseline 0.004 -17"><span class='ocrx_word' id='word_1_180' title='bbox 286 1849 326 1906; x_wconf 86' lang='lat'><strong><em>4,</em></strong></span> <span class='ocrx_word' id='word_1_181' title='bbox 362 1849 417 1891; x_wconf 87' lang='lat'><strong><em>17</em></strong></span> <span class='ocrx_word' id='word_1_182' title='bbox 446 1845 524 1908; x_wconf 75' lang='grc' dir='ltr'><strong><em>μή</em></strong></span> <span class='ocrx_word' id='word_1_183' title='bbox 556 1846 620 1895; x_wconf 78' lang='grc' dir='ltr'><strong><em>τοὶ</em></strong></span> <span class='ocrx_word' id='word_1_184' title='bbox 651 1850 877 1908; x_wconf 81' lang='grc' dir='ltr'><strong><em>ἄριστα]</em></strong></span> <span class='ocrx_word' id='word_1_185' title='bbox 910 1851 1041 1893; x_wconf 88' lang='lat' dir='ltr'><strong>Error</strong></span> <span class='ocrx_word' id='word_1_186' title='bbox 1079 1851 1259 1907; x_wconf 85' lang='lat' dir='ltr'><strong>librarii,</strong></span> <span class='ocrx_word' id='word_1_187' title='bbox 1307 1851 1378 1907; x_wconf 88' lang='lat' dir='ltr'><strong><em>qui</em></strong></span> <span class='ocrx_word' id='word_1_188' title='bbox 1418 1847 1488 1909; x_wconf 75' lang='grc' dir='ltr'><strong><em>μή</em></strong></span> <span class='ocrx_word' id='word_1_189' title='bbox 1525 1849 1595 1897; x_wconf 88' lang='grc' dir='ltr'><strong><em>ου’</em></strong></span> 
     </span>
     <span class='ocr_line' id='line_1_24' title="bbox 198 1917 1591 1977; baseline 0 -12"><span class='ocrx_word' id='word_1_190' title='bbox 198 1922 383 1977; x_wconf 87' lang='lat' dir='ltr'><strong>scripsit,</strong></span> <span class='ocrx_word' id='word_1_191' title='bbox 425 1926 548 1965; x_wconf 81' lang='lat' dir='ltr'><strong>natus</strong></span> <span class='ocrx_word' id='word_1_192' title='bbox 597 1927 659 1965; x_wconf 83' lang='lat' dir='ltr'><strong><em>est</em></strong></span> <span class='ocrx_word' id='word_1_193' title='bbox 704 1934 760 1965; x_wconf 85' lang='lat' dir='ltr'><strong><em>ex</em></strong></span> <span class='ocrx_word' id='word_1_194' title='bbox 803 1934 934 1965; x_wconf 91' lang='lat' dir='ltr'><strong>versu</strong></span> <span class='ocrx_word' id='word_1_195' title='bbox 982 1926 1188 1976; x_wconf 80' lang='lat' dir='ltr'><strong>sequente</strong></span> <span class='ocrx_word' id='word_1_196' title='bbox 1236 1918 1308 1967; x_wconf 76' lang='grc' dir='ltr'><strong><em>οὐ</em></strong></span> <span class='ocrx_word' id='word_1_197' title='bbox 1346 1917 1462 1966; x_wconf 65' lang='lat' dir='ltr'><strong><em>navo?-</em></strong></span> <span class='ocrx_word' id='word_1_198' title='bbox 1495 1955 1503 1965; x_wconf 87' lang='lat'><strong>.</strong></span> <span class='ocrx_word' id='word_1_199' title='bbox 1539 1956 1547 1965; x_wconf 92' lang='lat'><strong>.</strong></span> <span class='ocrx_word' id='word_1_200' title='bbox 1583 1956 1591 1965; x_wconf 93' lang='lat'><strong>.</strong></span> 
     </span>
     <span class='ocr_line' id='line_1_25' title="bbox 198 1985 1593 2049; baseline 0.001 -17"><span class='ocrx_word' id='word_1_201' title='bbox 198 1991 396 2034; x_wconf 85' lang='lat' dir='ltr'><strong>Ceterum</strong></span> <span class='ocrx_word' id='word_1_202' title='bbox 427 1985 573 2047; x_wconf 79' lang='grc' dir='ltr'><strong><em>νόμος</em></strong></span> <span class='ocrx_word' id='word_1_203' title='bbox 604 1988 940 2049; x_wconf 79' lang='grc' dir='ltr'><strong><em>εἰσαγγελτικός</em></strong></span> <span class='ocrx_word' id='word_1_204' title='bbox 985 1992 1035 2033; x_wconf 84' lang='lat' dir='ltr'><strong><em>ab</em></strong></span> <span class='ocrx_word' id='word_1_205' title='bbox 1076 1996 1245 2033; x_wconf 77' lang='lat' dir='ltr'><strong>oratore</strong></span> <span class='ocrx_word' id='word_1_206' title='bbox 1291 1991 1437 2034; x_wconf 78' lang='lat' dir='ltr'><strong>citatus</strong></span> <span class='ocrx_word' id='word_1_207' title='bbox 1481 2003 1593 2034; x_wconf 90' lang='lat' dir='ltr'><strong>con-</strong></span> 
     </span>
     <span class='ocr_line' id='line_1_26' title="bbox 196 2060 1592 2117; baseline -0.001 -13"><span class='ocrx_word' id='word_1_208' title='bbox 196 2064 310 2117; x_wconf 85' lang='lat' dir='ltr'><strong>gruit</strong></span> <span class='ocrx_word' id='word_1_209' title='bbox 338 2062 431 2104; x_wconf 86' lang='lat' dir='ltr'><strong>fere</strong></span> <span class='ocrx_word' id='word_1_210' title='bbox 463 2073 558 2103; x_wconf 91' lang='lat' dir='ltr'><strong><em>cum</em></strong></span> <span class='ocrx_word' id='word_1_211' title='bbox 587 2061 687 2104; x_wconf 87' lang='lat' dir='ltr'><strong>Lex.</strong></span> <span class='ocrx_word' id='word_1_212' title='bbox 716 2060 837 2103; x_wconf 88' lang='lat' dir='ltr'><strong>Rhet.</strong></span> <span class='ocrx_word' id='word_1_213' title='bbox 865 2065 960 2115; x_wconf 91' lang='lat' dir='ltr'><strong>post</strong></span> <span class='ocrx_word' id='word_1_214' title='bbox 989 2060 1177 2103; x_wconf 76' lang='lat' dir='ltr'><strong>Photium</strong></span> <span class='ocrx_word' id='word_1_215' title='bbox 1209 2061 1385 2103; x_wconf 89' lang='lat' dir='ltr'><strong>Porsoni</strong></span> <span class='ocrx_word' id='word_1_216' title='bbox 1421 2071 1461 2115; x_wconf 88' lang='lat' dir='ltr'><strong><em>p.</em></strong></span> <span class='ocrx_word' id='word_1_217' title='bbox 1492 2060 1592 2117; x_wconf 87' lang='lat'><strong>667,</strong></span> 
     </span>
     <span class='ocr_line' id='line_1_27' title="bbox 197 2125 1595 2188; baseline 0.001 -15"><span class='ocrx_word' id='word_1_218' title='bbox 197 2130 253 2173; x_wconf 83' lang='lat'><strong><em>12</em></strong></span> <span class='ocrx_word' id='word_1_219' title='bbox 295 2131 709 2186; x_wconf 83' lang='grc' dir='ltr'><strong><em>Εἰσαγγελιά.·</em></strong></span> <span class='ocrx_word' id='word_1_220' title='bbox 740 2125 859 2174; x_wconf 72' lang='grc' dir='ltr'><strong><em>κατὰ</em></strong></span> <span class='ocrx_word' id='word_1_221' title='bbox 892 2130 1061 2175; x_wconf 82' lang='grc' dir='ltr'><strong><em>καινῶν</em></strong></span> <span class='ocrx_word' id='word_1_222' title='bbox 1087 2131 1156 2175; x_wconf 81' lang='grc' dir='ltr'><strong><em>καὶ</em></strong></span> <span class='ocrx_word' id='word_1_223' title='bbox 1188 2126 1404 2188; x_wconf 84' lang='grc' dir='ltr'><strong><em>α’γροὶφων</em></strong></span> <span class='ocrx_word' id='word_1_224' title='bbox 1435 2126 1595 2187; x_wconf 71' lang='grc' dir='ltr'><strong><em>ἀδικη-</em></strong></span> 
     </span>
     <span class='ocr_line' id='line_1_28' title="bbox 194 2192 1592 2256; baseline 0.001 -13"><span class='ocrx_word' id='word_1_225' title='bbox 194 2195 380 2256; x_wconf 78' lang='grc' dir='ltr'><strong><em>μάτων·</em></strong></span> <span class='ocrx_word' id='word_1_226' title='bbox 415 2195 539 2255; x_wconf 73' lang='grc' dir='ltr'><strong><em>αὕτη</em></strong></span> <span class='ocrx_word' id='word_1_227' title='bbox 567 2201 657 2254; x_wconf 80' lang='grc' dir='ltr'><strong><em>μὲν</em></strong></span> <span class='ocrx_word' id='word_1_228' title='bbox 688 2192 779 2244; x_wconf 74' lang='grc' dir='ltr'><strong><em>οὖν</em></strong></span> <span class='ocrx_word' id='word_1_229' title='bbox 807 2195 836 2255; x_wconf 79' lang='grc' dir='ltr'><em>ἦ</em></span> <span class='ocrx_word' id='word_1_230' title='bbox 863 2198 1110 2244; x_wconf 78' lang='grc' dir='ltr'><strong><em>Καικιλίου</em></strong></span> <span class='ocrx_word' id='word_1_231' title='bbox 1127 2196 1256 2252; x_wconf 80' lang='grc' dir='ltr'><strong><em>δόξα·</em></strong></span> <span class='ocrx_word' id='word_1_232' title='bbox 1293 2193 1592 2255; x_wconf 79' lang='grc' dir='ltr'><strong><em>Θεόφραστος</em></strong></span> 
     </span>
     <span class='ocr_line' id='line_1_29' title="bbox 195 2263 1596 2325; baseline 0.001 -13"><span class='ocrx_word' id='word_1_233' title='bbox 195 2264 238 2312; x_wconf 84' lang='grc' dir='ltr'><strong><em>δ’</em></strong></span> <span class='ocrx_word' id='word_1_234' title='bbox 271 2271 322 2312; x_wconf 76' lang='grc' dir='ltr'><strong><em>ἐν</em></strong></span> <span class='ocrx_word' id='word_1_235' title='bbox 353 2267 413 2323; x_wconf 80' lang='grc' dir='ltr'><strong><em>τῷ</em></strong></span> <span class='ocrx_word' id='word_1_236' title='bbox 443 2264 640 2325; x_wconf 77' lang='grc' dir='ltr'><strong><em>τετάρτῳ</em></strong></span> <span class='ocrx_word' id='word_1_237' title='bbox 670 2268 773 2324; x_wconf 78' lang='grc' dir='ltr'><strong><em>περὶ</em></strong></span> <span class='ocrx_word' id='word_1_238' title='bbox 804 2266 966 2324; x_wconf 85' lang='grc' dir='ltr'><strong><em>νόμων</em></strong></span> <span class='ocrx_word' id='word_1_239' title='bbox 996 2269 1102 2324; x_wconf 80' lang='grc' dir='ltr'><strong><em>φησὶ</em></strong></span> <span class='ocrx_word' id='word_1_240' title='bbox 1132 2268 1380 2324; x_wconf 75' lang='grc' dir='ltr'><strong><em>γενέσθαι,</em></strong></span> <span class='ocrx_word' id='word_1_241' title='bbox 1415 2263 1497 2314; x_wconf 75' lang='grc' dir='ltr'><strong><em>ἐάν</em></strong></span> <span class='ocrx_word' id='word_1_242' title='bbox 1527 2285 1596 2319; x_wconf 79' lang='grc' dir='ltr'><strong><em>τις</em></strong></span> 
     </span>
     <span class='ocr_line' id='line_1_30' title="bbox 192 2330 1591 2395; baseline 0.001 -13"><span class='ocrx_word' id='word_1_243' title='bbox 192 2333 406 2395; x_wconf 75' lang='grc' dir='ltr'><strong><em>καταλύῃ</em></strong></span> <span class='ocrx_word' id='word_1_244' title='bbox 435 2330 517 2381; x_wconf 79' lang='grc' dir='ltr'><strong><em>τὸν</em></strong></span> <span class='ocrx_word' id='word_1_245' title='bbox 551 2335 703 2392; x_wconf 81' lang='grc' dir='ltr'><strong><em>δῆμον</em></strong></span> <span class='ocrx_word' id='word_1_246' title='bbox 734 2334 880 2393; x_wconf 80' lang='grc' dir='ltr'><strong><em>ῥήτωρ</em></strong></span> <span class='ocrx_word' id='word_1_247' title='bbox 910 2332 940 2392; x_wconf 79' lang='grc' dir='ltr'><em>ἢ</em></span> <span class='ocrx_word' id='word_1_248' title='bbox 968 2334 1038 2392; x_wconf 79' lang='grc' dir='ltr'><strong><em>μή</em></strong></span> <span class='ocrx_word' id='word_1_249' title='bbox 1077 2333 1135 2381; x_wconf 78' lang='grc' dir='ltr'><strong><em>τοὶ</em></strong></span> <span class='ocrx_word' id='word_1_250' title='bbox 1175 2334 1336 2392; x_wconf 81' lang='grc' dir='ltr'><strong><em>ἄριστα</em></strong></span> <span class='ocrx_word' id='word_1_251' title='bbox 1380 2339 1591 2395; x_wconf 81' lang='grc' dir='ltr'><strong><em>συμβου-</em></strong></span> 
     </span>
     <span class='ocr_line' id='line_1_31' title="bbox 195 2400 1590 2465; baseline 0 -14"><span class='ocrx_word' id='word_1_252' title='bbox 195 2402 356 2465; x_wconf 84' lang='grc' dir='ltr'><strong><em>λεύσῃ,</em></strong></span> <span class='ocrx_word' id='word_1_253' title='bbox 384 2402 598 2464; x_wconf 80' lang='grc' dir='ltr'><strong><em>χρήματα</em></strong></span> <span class='ocrx_word' id='word_1_254' title='bbox 628 2400 888 2463; x_wconf 75' lang='grc' dir='ltr'><strong><em>λαμβάνων</em></strong></span> <span class='ocrx_word' id='word_1_255' title='bbox 917 2403 1053 2462; x_wconf 68' lang='lat' dir='ltr'><strong>nege:</strong></span> <span class='ocrx_word' id='word_1_256' title='bbox 1084 2402 1323 2465; x_wconf 80' lang='grc' dir='ltr'><strong><em>καταλύσῃ</em></strong></span> <span class='ocrx_word' id='word_1_257' title='bbox 1338 2402 1421 2451; x_wconf 85' lang='grc' dir='ltr'><strong><em>τὸν</em></strong></span> <span class='ocrx_word' id='word_1_258' title='bbox 1440 2406 1590 2463; x_wconf 78' lang='grc' dir='ltr'><strong><em>δῆμον</em></strong></span> 
     </span>
     <span class='ocr_line' id='line_1_32' title="bbox 195 2471 1590 2537; baseline 0.003 -18"><span class='ocrx_word' id='word_1_259' title='bbox 195 2472 224 2531; x_wconf 73' lang='grc' dir='ltr'><em>ἢ</em></span> <span class='ocrx_word' id='word_1_260' title='bbox 251 2471 394 2534; x_wconf 74' lang='grc' dir='ltr'><strong><em>ῥήτωρ</em></strong></span> <span class='ocrx_word' id='word_1_261' title='bbox 427 2474 559 2531; x_wconf 91' lang='grc'><strong>....·)</strong></span> <span class='ocrx_word' id='word_1_262' title='bbox 606 2472 635 2531; x_wconf 80' lang='grc' dir='ltr'><em>ἢ</em></span> <span class='ocrx_word' id='word_1_263' title='bbox 678 2472 760 2521; x_wconf 74' lang='grc' dir='ltr'><strong><em>ἐάν</em></strong></span> <span class='ocrx_word' id='word_1_264' title='bbox 800 2492 870 2525; x_wconf 83' lang='grc' dir='ltr'><strong><em>τις</em></strong></span> <span class='ocrx_word' id='word_1_265' title='bbox 918 2475 1113 2534; x_wconf 78' lang='grc' dir='ltr'><strong><em>προδιδῷ</em></strong></span> <span class='ocrx_word' id='word_1_266' title='bbox 1156 2477 1317 2537; x_wconf 81' lang='grc' dir='ltr'><strong><em>χωρίον</em></strong></span> <span class='ocrx_word' id='word_1_267' title='bbox 1353 2474 1382 2533; x_wconf 84' lang='grc' dir='ltr'><em>ἢ</em></span> <span class='ocrx_word' id='word_1_268' title='bbox 1412 2478 1531 2529; x_wconf 76' lang='grc' dir='ltr'><strong><em>ναῦς</em></strong></span> <span class='ocrx_word' id='word_1_269' title='bbox 1560 2477 1590 2536; x_wconf 83' lang='grc' dir='ltr'><em>ἢ</em></span> 
     </span>
     <span class='ocr_line' id='line_1_33' title="bbox 194 2541 1591 2604; baseline 0.004 -16"><span class='ocrx_word' id='word_1_270' title='bbox 194 2543 335 2601; x_wconf 76' lang='grc' dir='ltr'><strong><em>πεζὴν</em></strong></span> <span class='ocrx_word' id='word_1_271' title='bbox 368 2542 615 2602; x_wconf 78' lang='grc' dir='ltr'><strong><em>στρατιάν·</em></strong></span> <span class='ocrx_word' id='word_1_272' title='bbox 648 2541 678 2601; x_wconf 77' lang='grc' dir='ltr'><em>ἢ</em></span> <span class='ocrx_word' id='word_1_273' title='bbox 705 2541 787 2591; x_wconf 76' lang='grc' dir='ltr'><strong><em>ἐάν</em></strong></span> <span class='ocrx_word' id='word_1_274' title='bbox 816 2563 887 2596; x_wconf 80' lang='grc' dir='ltr'><strong><em>τις</em></strong></span> <span class='ocrx_word' id='word_1_275' title='bbox 931 2550 996 2595; x_wconf 81' lang='grc' dir='ltr'><strong><em>εἰς</em></strong></span> <span class='ocrx_word' id='word_1_276' title='bbox 1035 2543 1147 2596; x_wconf 72' lang='grc' dir='ltr'><strong><em>τούς</em></strong></span> <span class='ocrx_word' id='word_1_277' title='bbox 1185 2546 1435 2601; x_wconf 80' lang='grc' dir='ltr'><strong><em>πολεμίους</em></strong></span> <span class='ocrx_word' id='word_1_278' title='bbox 1480 2543 1591 2604; x_wconf 82' lang='grc' dir='ltr'><strong><em>οἷφι-</em></strong></span> 
     </span>
     <span class='ocr_line' id='line_1_34' title="bbox 192 2609 1593 2673; baseline 0.003 -13"><span class='ocrx_word' id='word_1_279' title='bbox 192 2615 354 2671; x_wconf 84' lang='grc' dir='ltr'><strong><em>κνῆται</em></strong></span> <span class='ocrx_word' id='word_1_280' title='bbox 372 2609 401 2669; x_wconf 82' lang='grc' dir='ltr'><em>ἢ</em></span> <span class='ocrx_word' id='word_1_281' title='bbox 423 2613 576 2672; x_wconf 78' lang='grc' dir='ltr'><strong><em>ἐνοικῇ</em></strong></span> <span class='ocrx_word' id='word_1_282' title='bbox 607 2616 713 2672; x_wconf 84' lang='grc' dir='ltr'><strong><em>παρ’</em></strong></span> <span class='ocrx_word' id='word_1_283' title='bbox 744 2613 901 2666; x_wconf 79' lang='grc' dir='ltr'><strong><em>αὐτοῖς</em></strong></span> <span class='ocrx_word' id='word_1_284' title='bbox 926 2612 957 2673; x_wconf 79' lang='grc' dir='ltr'><em>ἢ</em></span> <span class='ocrx_word' id='word_1_285' title='bbox 978 2613 1277 2673; x_wconf 79' lang='grc' dir='ltr'><strong><em>στρατεύηται</em></strong></span> <span class='ocrx_word' id='word_1_286' title='bbox 1308 2617 1408 2673; x_wconf 81' lang='grc' dir='ltr'><strong><em>μετ’</em></strong></span> <span class='ocrx_word' id='word_1_287' title='bbox 1440 2615 1593 2664; x_wconf 77' lang='grc' dir='ltr'><strong><em>αὐτῶν</em></strong></span> 
     </span>
     <span class='ocr_line' id='line_1_35' title="bbox 190 2679 1593 2743; baseline 0.003 -16"><span class='ocrx_word' id='word_1_288' title='bbox 190 2680 221 2739; x_wconf 76' lang='grc' dir='ltr'><strong><em>ἦ</em></strong></span> <span class='ocrx_word' id='word_1_289' title='bbox 251 2683 369 2741; x_wconf 81' lang='grc' dir='ltr'><strong><em>δῶρα</em></strong></span> <span class='ocrx_word' id='word_1_290' title='bbox 401 2681 641 2743; x_wconf 78' lang='grc' dir='ltr'><strong><em>λαμβάνῃ.</em></strong></span> <span class='ocrx_word' id='word_1_291' title='bbox 673 2686 975 2742; x_wconf 87' lang='grc' dir='ltr'><strong><em>συνομολογεῖ</em></strong></span> <span class='ocrx_word' id='word_1_292' title='bbox 1013 2685 1063 2730; x_wconf 79' lang='grc' dir='ltr'><strong><em>δὲ</em></strong></span> <span class='ocrx_word' id='word_1_293' title='bbox 1108 2693 1201 2734; x_wconf 82' lang='grc' dir='ltr'><strong><em>τοῖς</em></strong></span> <span class='ocrx_word' id='word_1_294' title='bbox 1244 2679 1341 2730; x_wconf 68' lang='grc' dir='ltr'><strong><em>’ὑπὸ</em></strong></span> <span class='ocrx_word' id='word_1_295' title='bbox 1376 2684 1593 2743; x_wconf 72' lang='grc' dir='ltr'><strong><em>Θεοφρά-</em></strong></span> 
     </span>
     <span class='ocr_line' id='line_1_36' title="bbox 196 2751 1591 2813; baseline 0.002 -15"><span class='ocrx_word' id='word_1_296' title='bbox 196 2768 303 2798; x_wconf 82' lang='grc' dir='ltr'><strong><em>στου</em></strong></span> <span class='ocrx_word' id='word_1_297' title='bbox 350 2752 380 2808; x_wconf 77' lang='grc' dir='ltr'><em>ἦ</em></span> <span class='ocrx_word' id='word_1_298' title='bbox 428 2755 494 2803; x_wconf 76' lang='grc' dir='ltr'><strong><em>εἰς</em></strong></span> <span class='ocrx_word' id='word_1_299' title='bbox 540 2751 856 2812; x_wconf 82' lang='grc' dir='ltr'><strong><em>Θεμιστοκλέα</em></strong></span> <span class='ocrx_word' id='word_1_300' title='bbox 903 2753 1193 2813; x_wconf 75' lang='grc' dir='ltr'><strong><em>εἰσαγγελία,</em></strong></span> <span class='ocrx_word' id='word_1_301' title='bbox 1236 2751 1299 2811; x_wconf 78' lang='grc' dir='ltr'><strong><em>ἢν</em></strong></span> <span class='ocrx_word' id='word_1_302' title='bbox 1344 2753 1591 2813; x_wconf 75' lang='grc' dir='ltr'><strong><em>εἰσήγγειλε</em></strong></span> 
     </span>
    </p>
   </div>
  </div>
 </body>
</html>
