<?xml version="1.0" encoding="UTF-8"?>
<!DOCTYPE html PUBLIC "-//W3C//DTD XHTML 1.0 Transitional//EN"
    "http://www.w3.org/TR/xhtml1/DTD/xhtml1-transitional.dtd">
<html xmlns="http://www.w3.org/1999/xhtml" xml:lang="en" lang="en">
 <head>
  <title>
</title>
<meta http-equiv="Content-Type" content="text/html;charset=utf-8" />
  <meta name='ocr-system' content='tesseract 3.04.00' />
  <meta name='ocr-capabilities' content='ocr_page ocr_carea ocr_par ocr_line ocrx_word'/>
</head>
<body>
  <div class='ocr_page' id='page_1' title='image "./4737197_0087.png"; bbox 0 0 1795 3218; ppageno 0'>
   <div class='ocr_carea' id='block_1_1' title="bbox 181 703 1570 825">
    <p class='ocr_par' dir='ltr' id='par_1_1' title="bbox 181 703 1570 825">
     <span class='ocr_line' id='line_1_1' title="bbox 181 703 1570 825; baseline -0.001 -33"><span class='ocrx_word' id='word_1_1' title='bbox 181 729 251 793; x_wconf 89' lang='lat'><strong>11.</strong></span> <span class='ocrx_word' id='word_1_2' title='bbox 288 714 380 794; x_wconf 75' lang='lat' dir='ltr'><strong>ml</strong></span> <span class='ocrx_word' id='word_1_3' title='bbox 399 703 1018 825; x_wconf 51' lang='lat' dir='ltr'><strong>onarlomniussrno,</strong></span> <span class='ocrx_word' id='word_1_4' title='bbox 1045 734 1570 824; x_wconf 74' lang='lat' dir='ltr'><strong>chopnnoNE.</strong></span> 
     </span>
    </p>
   </div>
   <div class='ocr_carea' id='block_1_2' title="bbox 161 952 1577 2782">
    <p class='ocr_par' dir='ltr' id='par_1_2' title="bbox 174 952 1577 1501">
     <span class='ocr_line' id='line_1_2' title="bbox 265 952 1574 1016; baseline -0.005 -8"><span class='ocrx_word' id='word_1_5' title='bbox 265 965 470 1008; x_wconf 83' lang='lat' dir='ltr'><strong>Extabant</strong></span> <span class='ocrx_word' id='word_1_6' title='bbox 499 962 746 1008; x_wconf 65' lang='lat' dir='ltr'><strong>testimonia.</strong></span> <span class='ocrx_word' id='word_1_7' title='bbox 765 962 1014 1016; x_wconf 85' lang='lat' dir='ltr'><strong>scriptorum</strong></span> <span class='ocrx_word' id='word_1_8' title='bbox 1043 962 1097 1004; x_wconf 88' lang='lat' dir='ltr'><strong>de</strong></span> <span class='ocrx_word' id='word_1_9' title='bbox 1128 963 1291 1005; x_wconf 87' lang='lat' dir='ltr'><strong>duabus</strong></span> <span class='ocrx_word' id='word_1_10' title='bbox 1315 952 1574 1004; x_wconf 85' lang='lat' dir='ltr'><strong>orationibus</strong></span> 
     </span>
     <span class='ocr_line' id='line_1_3' title="bbox 178 1030 1577 1091; baseline -0.004 -14"><span class='ocrx_word' id='word_1_11' title='bbox 178 1034 360 1091; x_wconf 78' lang='lat' dir='ltr'>Lycurgi</span> <span class='ocrx_word' id='word_1_12' title='bbox 389 1037 536 1077; x_wconf 78' lang='lat' dir='ltr'><strong>contra</strong></span> <span class='ocrx_word' id='word_1_13' title='bbox 563 1032 771 1090; x_wconf 82' lang='lat' dir='ltr'><strong>quendam</strong></span> <span class='ocrx_word' id='word_1_14' title='bbox 796 1031 1116 1089; x_wconf 87' lang='lat' dir='ltr'><strong>Lycophronem</strong></span> <span class='ocrx_word' id='word_1_15' title='bbox 1146 1031 1316 1088; x_wconf 85' lang='lat' dir='ltr'><strong>habitis,</strong></span> <span class='ocrx_word' id='word_1_16' title='bbox 1354 1043 1480 1087; x_wconf 90' lang='lat' dir='ltr'><strong>quem</strong></span> <span class='ocrx_word' id='word_1_17' title='bbox 1509 1030 1577 1073; x_wconf 89' lang='lat' dir='ltr'><strong>alii</strong></span> 
     </span>
     <span class='ocr_line' id='line_1_4' title="bbox 181 1095 1575 1158; baseline -0.003 -11"><span class='ocrx_word' id='word_1_18' title='bbox 181 1117 237 1151; x_wconf 80' lang='lat' dir='ltr'><strong>ex</strong></span> <span class='ocrx_word' id='word_1_19' title='bbox 264 1104 516 1147; x_wconf 86' lang='lat' dir='ltr'><strong>Butadarum</strong></span> <span class='ocrx_word' id='word_1_20' title='bbox 547 1108 675 1158; x_wconf 79' lang='lat' dir='ltr'><strong>gente</strong></span> <span class='ocrx_word' id='word_1_21' title='bbox 704 1095 859 1153; x_wconf 77' lang='lat' dir='ltr'><strong>fuisse,</strong></span> <span class='ocrx_word' id='word_1_22' title='bbox 888 1107 935 1144; x_wconf 88' lang='lat' dir='ltr'><strong>et</strong></span> <span class='ocrx_word' id='word_1_23' title='bbox 947 1103 987 1144; x_wconf 84' lang='lat' dir='ltr'><strong>-ii</strong></span> <span class='ocrx_word' id='word_1_24' title='bbox 1017 1103 1110 1146; x_wconf 91' lang='lat' dir='ltr'><strong>solo</strong></span> <span class='ocrx_word' id='word_1_25' title='bbox 1141 1103 1311 1145; x_wconf 90' lang='lat' dir='ltr'><strong>nomine</strong></span> <span class='ocrx_word' id='word_1_26' title='bbox 1340 1101 1474 1156; x_wconf 91' lang='lat' dir='ltr'><strong>ducti,</strong></span> <span class='ocrx_word' id='word_1_27' title='bbox 1506 1101 1575 1143; x_wconf 91' lang='lat' dir='ltr'><strong>alii</strong></span> 
     </span>
     <span class='ocr_line' id='line_1_5' title="bbox 178 1171 1575 1230; baseline -0.003 -13"><span class='ocrx_word' id='word_1_28' title='bbox 178 1173 400 1230; x_wconf 78' lang='lat' dir='ltr'><strong>tyrannum</strong></span> <span class='ocrx_word' id='word_1_29' title='bbox 438 1172 550 1230; x_wconf 76' lang='lat' dir='ltr'><strong>ilium</strong></span> <span class='ocrx_word' id='word_1_30' title='bbox 581 1171 841 1216; x_wconf 64' lang='lat' dir='ltr'><strong>‚Pherensem</strong></span> <span class='ocrx_word' id='word_1_31' title='bbox 872 1176 1205 1215; x_wconf 79' lang='lat' dir='ltr'><strong>autumaverunt.</strong></span> <span class='ocrx_word' id='word_1_32' title='bbox 1264 1171 1477 1227; x_wconf 89' lang='lat' dir='ltr'><strong>Utrosque</strong></span> <span class='ocrx_word' id='word_1_33' title='bbox 1506 1172 1575 1213; x_wconf 88' lang='lat' dir='ltr'><strong>la-</strong></span> 
     </span>
     <span class='ocr_line' id='line_1_6' title="bbox 179 1239 1575 1300; baseline -0.003 -12"><span class='ocrx_word' id='word_1_34' title='bbox 179 1257 279 1300; x_wconf 89' lang='lat' dir='ltr'><strong>psos</strong></span> <span class='ocrx_word' id='word_1_35' title='bbox 320 1256 416 1288; x_wconf 89' lang='lat' dir='ltr'><strong>esse</strong></span> <span class='ocrx_word' id='word_1_36' title='bbox 455 1254 566 1286; x_wconf 85' lang='lat' dir='ltr'><strong>nunc</strong></span> <span class='ocrx_word' id='word_1_37' title='bbox 599 1242 769 1297; x_wconf 85' lang='lat' dir='ltr'><strong>patefit:</strong></span> <span class='ocrx_word' id='word_1_38' title='bbox 812 1247 903 1285; x_wconf 78' lang='lat' dir='ltr'><strong>erat</strong></span> <span class='ocrx_word' id='word_1_39' title='bbox 942 1242 1164 1298; x_wconf 84' lang='lat' dir='ltr'><strong>Lycophro</strong></span> <span class='ocrx_word' id='word_1_40' title='bbox 1204 1239 1475 1285; x_wconf 79' lang='lat' dir='ltr'><strong>Atheniensis</strong></span> <span class='ocrx_word' id='word_1_41' title='bbox 1511 1243 1575 1284; x_wconf 87' lang='lat' dir='ltr'><strong>rei</strong></span> 
     </span>
     <span class='ocr_line' id='line_1_7' title="bbox 180 1311 1574 1370; baseline -0.004 -12"><span class='ocrx_word' id='word_1_42' title='bbox 180 1311 368 1370; x_wconf 76' lang='lat' dir='ltr'><strong>equestri</strong></span> <span class='ocrx_word' id='word_1_43' title='bbox 407 1314 531 1356; x_wconf 89' lang='lat' dir='ltr'><strong>unice</strong></span> <span class='ocrx_word' id='word_1_44' title='bbox 567 1312 753 1368; x_wconf 87' lang='lat' dir='ltr'><strong>deditus,</strong></span> <span class='ocrx_word' id='word_1_45' title='bbox 794 1324 930 1366; x_wconf 87' lang='lat' dir='ltr'><strong>nuper</strong></span> <span class='ocrx_word' id='word_1_46' title='bbox 965 1312 1154 1367; x_wconf 84' lang='lat' dir='ltr'><strong>magistri</strong></span> <span class='ocrx_word' id='word_1_47' title='bbox 1183 1312 1369 1366; x_wconf 88' lang='lat' dir='ltr'><strong>equitum</strong></span> <span class='ocrx_word' id='word_1_48' title='bbox 1388 1318 1574 1354; x_wconf 65' lang='lat' dir='ltr'><strong>&#39;munere</strong></span> 
     </span>
     <span class='ocr_line' id='line_1_8' title="bbox 174 1375 1573 1439; baseline -0.001 -15"><span class='ocrx_word' id='word_1_49' title='bbox 174 1383 345 1426; x_wconf 78' lang='lat' dir='ltr'><strong>functus</strong></span> <span class='ocrx_word' id='word_1_50' title='bbox 374 1383 416 1424; x_wconf 92' lang='lat' dir='ltr'><strong>in</strong></span> <span class='ocrx_word' id='word_1_51' title='bbox 431 1382 586 1425; x_wconf 84' lang='lat' dir='ltr'><strong>Lemno</strong></span> <span class='ocrx_word' id='word_1_52' title='bbox 604 1382 764 1437; x_wconf 81' lang='lat' dir='ltr'><strong>-insula,</strong></span> <span class='ocrx_word' id='word_1_53' title='bbox 794 1381 892 1423; x_wconf 92' lang='lat' dir='ltr'><strong>olim</strong></span> <span class='ocrx_word' id='word_1_54' title='bbox 915 1375 1159 1439; x_wconf 76' lang='grc' dir='ltr'><strong><em>-φύλαρχός</em></strong></span> <span class='ocrx_word' id='word_1_55' title='bbox 1187 1380 1378 1436; x_wconf 79' lang='lat' dir='ltr'><strong>Athenis,</strong></span> <span class='ocrx_word' id='word_1_56' title='bbox 1402 1382 1444 1423; x_wconf 89' lang='lat' dir='ltr'><strong>in</strong></span> <span class='ocrx_word' id='word_1_57' title='bbox 1474 1382 1573 1435; x_wconf 89' lang='lat' dir='ltr'><strong>qui-</strong></span> 
     </span>
     <span class='ocr_line' id='line_1_9' title="bbox 180 1447 1316 1501; baseline -0.004 -6"><span class='ocrx_word' id='word_1_58' title='bbox 180 1454 260 1497; x_wconf 86' lang='lat' dir='ltr'><strong>bus</strong></span> <span class='ocrx_word' id='word_1_59' title='bbox 288 1453 357 1496; x_wconf 88' lang='lat' dir='ltr'><strong>ille</strong></span> <span class='ocrx_word' id='word_1_60' title='bbox 386 1447 629 1494; x_wconf 87' lang='lat' dir='ltr'><strong>muneribus</strong></span> <span class='ocrx_word' id='word_1_61' title='bbox 662 1462 758 1492; x_wconf 88' lang='lat' dir='ltr'><strong>cum</strong></span> <span class='ocrx_word' id='word_1_62' title='bbox 786 1450 910 1492; x_wconf 88' lang='lat' dir='ltr'><strong>laude</strong></span> <span class='ocrx_word' id='word_1_63' title='bbox 925 1450 1133 1492; x_wconf 47' lang='lat' dir='ltr'><strong>aversatus</strong></span> <span class='ocrx_word' id='word_1_64' title='bbox 1164 1455 1241 1493; x_wconf 85' lang='lat' dir='ltr'><strong>est.</strong></span> <span class='ocrx_word' id='word_1_65' title='bbox 1272 1499 1275 1501; x_wconf 41' lang='grc'><strong>,</strong></span> <span class='ocrx_word' id='word_1_66' title='bbox 1313 1452 1316 1454; x_wconf 73' lang='grc'><strong>’</strong></span> 
     </span>
    </p>

    <p class='ocr_par' dir='ltr' id='par_1_3' title="bbox 161 1527 1574 2782">
     <span class='ocr_line' id='line_1_10' title="bbox 267 1527 1572 1587; baseline -0.003 -13"><span class='ocrx_word' id='word_1_67' title='bbox 267 1531 349 1575; x_wconf 89' lang='lat' dir='ltr'><strong>Sed</strong></span> <span class='ocrx_word' id='word_1_68' title='bbox 387 1527 569 1587; x_wconf 80' lang='lat' dir='ltr'><strong>Lycurgi</strong></span> <span class='ocrx_word' id='word_1_69' title='bbox 605 1533 783 1583; x_wconf 79' lang='lat' dir='ltr'><strong>utraque</strong></span> <span class='ocrx_word' id='word_1_70' title='bbox 818 1529 954 1570; x_wconf 79' lang='lat' dir='ltr'><strong>oratio</strong></span> <span class='ocrx_word' id='word_1_71' title='bbox 985 1536 1049 1558; x_wconf 83' lang='lat'><strong>-·</strong></span> <span class='ocrx_word' id='word_1_72' title='bbox 1070 1527 1215 1571; x_wconf 86' lang='lat' dir='ltr'><strong>Meieri</strong></span> <span class='ocrx_word' id='word_1_73' title='bbox 1244 1534 1340 1577; x_wconf 87' lang='lat' dir='ltr'><strong>sunt</strong></span> <span class='ocrx_word' id='word_1_74' title='bbox 1368 1529 1499 1572; x_wconf 85' lang='lat' dir='ltr'><strong>verba</strong></span> <span class='ocrx_word' id='word_1_75' title='bbox 1530 1531 1572 1571; x_wconf 91' lang='lat' dir='ltr'><strong>in</strong></span> 
     </span>
     <span class='ocr_line' id='line_1_11' title="bbox 179 1596 1571 1653; baseline -0.002 -10"><span class='ocrx_word' id='word_1_76' title='bbox 179 1598 530 1644; x_wconf 84' lang='lat' dir='ltr'><strong>commentatione</strong></span> <span class='ocrx_word' id='word_1_77' title='bbox 556 1597 609 1640; x_wconf 90' lang='lat' dir='ltr'><strong>de</strong></span> <span class='ocrx_word' id='word_1_78' title='bbox 640 1597 725 1640; x_wconf 85' lang='lat' dir='ltr'><strong>vita</strong></span> <span class='ocrx_word' id='word_1_79' title='bbox 755 1596 938 1653; x_wconf 78' lang='lat' dir='ltr'><strong>Lycurgi</strong></span> <span class='ocrx_word' id='word_1_80' title='bbox 970 1601 1011 1639; x_wconf 85' lang='lat' dir='ltr'><strong>et</strong></span> <span class='ocrx_word' id='word_1_81' title='bbox 1041 1596 1094 1639; x_wconf 92' lang='lat' dir='ltr'><strong>de</strong></span> <span class='ocrx_word' id='word_1_82' title='bbox 1125 1596 1307 1653; x_wconf 85' lang='lat' dir='ltr'><strong>Lycurgi</strong></span> <span class='ocrx_word' id='word_1_83' title='bbox 1337 1598 1571 1641; x_wconf 87' lang='lat' dir='ltr'><strong>orationum</strong></span> 
     </span>
     <span class='ocr_line' id='line_1_12' title="bbox 179 1664 1574 1727; baseline -0.003 -13"><span class='ocrx_word' id='word_1_84' title='bbox 179 1670 364 1727; x_wconf 87' lang='lat' dir='ltr'><strong>reliquiis</strong></span> <span class='ocrx_word' id='word_1_85' title='bbox 406 1668 519 1712; x_wconf 82' lang='lat' dir='ltr'><strong>Halis</strong></span> <span class='ocrx_word' id='word_1_86' title='bbox 565 1667 721 1712; x_wconf 87' lang='lat' dir='ltr'><strong>Saxon.</strong></span> <span class='ocrx_word' id='word_1_87' title='bbox 761 1680 799 1711; x_wconf 89' lang='lat' dir='ltr'><strong>a.</strong></span> <span class='ocrx_word' id='word_1_88' title='bbox 823 1665 958 1709; x_wconf 78' lang='lat'>--1847</span> <span class='ocrx_word' id='word_1_89' title='bbox 1000 1665 1109 1709; x_wconf 88' lang='lat' dir='ltr'><strong>edita</strong></span> <span class='ocrx_word' id='word_1_90' title='bbox 1140 1679 1179 1722; x_wconf 89' lang='lat' dir='ltr'><strong>p.</strong></span> <span class='ocrx_word' id='word_1_91' title='bbox 1208 1664 1399 1710; x_wconf 87' lang='lat' dir='ltr'>CXXVII.</span> <span class='ocrx_word' id='word_1_92' title='bbox 1431 1690 1488 1700; x_wconf 85' lang='lat'><strong>—·</strong></span> <span class='ocrx_word' id='word_1_93' title='bbox 1529 1669 1574 1710; x_wconf 80' lang='lat' dir='ltr'><strong>in</strong></span> 
     </span>
     <span class='ocr_line' id='line_1_13' title="bbox 179 1734 1573 1797; baseline -0.004 -12"><span class='ocrx_word' id='word_1_94' title='bbox 179 1739 522 1797; x_wconf 68' lang='grc' dir='ltr'><strong><em>εἰσαγγελίᾳ</em></strong></span> <span class='ocrx_word' id='word_1_95' title='bbox 556 1734 788 1795; x_wconf 73' lang='grc' dir='ltr'><strong><em>ὕβρεως</em></strong></span> <span class='ocrx_word' id='word_1_96' title='bbox 823 1743 867 1780; x_wconf 75' lang='lat' dir='ltr'><strong>et</strong></span> <span class='ocrx_word' id='word_1_97' title='bbox 896 1738 1021 1793; x_wconf 78' lang='lat' dir='ltr'><strong>prior</strong></span> <span class='ocrx_word' id='word_1_98' title='bbox 1050 1738 1215 1792; x_wconf 79' lang='lat' dir='ltr'><strong>quidem</strong></span> <span class='ocrx_word' id='word_1_99' title='bbox 1245 1738 1290 1779; x_wconf 79' lang='lat' dir='ltr'><strong>in</strong></span> <span class='ocrx_word' id='word_1_100' title='bbox 1313 1739 1462 1792; x_wconf 78' lang='lat' dir='ltr'><strong>priore</strong></span> <span class='ocrx_word' id='word_1_101' title='bbox 1492 1751 1573 1781; x_wconf 87' lang='lat' dir='ltr'><strong>ac-</strong></span> 
     </span>
     <span class='ocr_line' id='line_1_14' title="bbox 180 1808 1573 1867; baseline -0.002 -13"><span class='ocrx_word' id='word_1_102' title='bbox 180 1812 311 1867; x_wconf 77' lang='lat' dir='ltr'><strong>tione,</strong></span> <span class='ocrx_word' id='word_1_103' title='bbox 343 1823 435 1853; x_wconf 83' lang='lat' dir='ltr'><strong>cum</strong></span> <span class='ocrx_word' id='word_1_104' title='bbox 465 1810 517 1851; x_wconf 83' lang='lat' dir='ltr'><strong>de</strong></span> <span class='ocrx_word' id='word_1_105' title='bbox 545 1821 594 1850; x_wconf 85' lang='lat' dir='ltr'><strong>re</strong></span> <span class='ocrx_word' id='word_1_106' title='bbox 608 1839 621 1860; x_wconf 91' lang='lat'><strong>,</strong></span> <span class='ocrx_word' id='word_1_107' title='bbox 661 1808 800 1849; x_wconf 78' lang='lat' dir='ltr'><strong>altera</strong></span> <span class='ocrx_word' id='word_1_108' title='bbox 827 1808 873 1849; x_wconf 80' lang='lat' dir='ltr'><strong>in</strong></span> <span class='ocrx_word' id='word_1_109' title='bbox 900 1808 1086 1850; x_wconf 78' lang='lat' dir='ltr'><strong>secunda</strong></span> <span class='ocrx_word' id='word_1_110' title='bbox 1113 1809 1280 1850; x_wconf 76' lang='lat' dir='ltr'><strong>actione</strong></span> <span class='ocrx_word' id='word_1_111' title='bbox 1305 1808 1451 1850; x_wconf 75' lang='lat' dir='ltr'><strong>habita</strong></span> <span class='ocrx_word' id='word_1_112' title='bbox 1480 1822 1573 1851; x_wconf 80' lang='lat' dir='ltr'><strong>esse</strong></span> 
     </span>
     <span class='ocr_line' id='line_1_15' title="bbox 177 1877 1572 1938; baseline -0.001 -15"><span class='ocrx_word' id='word_1_113' title='bbox 177 1881 360 1938; x_wconf 62' lang='lat' dir='ltr'><strong>videtur,</strong></span> <span class='ocrx_word' id='word_1_114' title='bbox 401 1891 504 1921; x_wconf 79' lang='lat' dir='ltr'><strong>cum·</strong></span> <span class='ocrx_word' id='word_1_115' title='bbox 532 1878 585 1919; x_wconf 84' lang='lat' dir='ltr'><strong>de</strong></span> <span class='ocrx_word' id='word_1_116' title='bbox 621 1889 761 1932; x_wconf 79' lang='lat' dir='ltr'><strong>poena</strong></span> <span class='ocrx_word' id='word_1_117' title='bbox 799 1877 889 1919; x_wconf 77' lang='lat' dir='ltr'><strong>sive</strong></span> <span class='ocrx_word' id='word_1_118' title='bbox 930 1878 1015 1919; x_wconf 73' lang='lat' dir='ltr'><strong>litis</strong></span> <span class='ocrx_word' id='word_1_119' title='bbox 1044 1879 1333 1920; x_wconf 69' lang='lat' dir='ltr'><strong>aestimatione</strong></span> <span class='ocrx_word' id='word_1_120' title='bbox 1362 1883 1572 1933; x_wconf 75' lang='lat' dir='ltr'><strong>ayeretur.</strong></span> 
     </span>
     <span class='ocr_line' id='line_1_16' title="bbox 161 1946 1573 2004; baseline 0.001 -14"><span class='ocrx_word' id='word_1_121' title='bbox 161 1949 226 1992; x_wconf 87' lang='lat' dir='ltr'><strong>.1n</strong></span> <span class='ocrx_word' id='word_1_122' title='bbox 246 1949 584 2000; x_wconf 73' lang='lat' dir='ltr'><strong>,eodem-autem</strong></span> <span class='ocrx_word' id='word_1_123' title='bbox 615 1946 769 1990; x_wconf 91' lang='lat' dir='ltr'><strong>iudicio</strong></span> <span class='ocrx_word' id='word_1_124' title='bbox 796 1946 1117 2002; x_wconf 83' lang='lat' dir='ltr'><strong>&#39;Lycophronem</strong></span> <span class='ocrx_word' id='word_1_125' title='bbox 1149 1949 1200 1990; x_wconf 84' lang='lat' dir='ltr'><strong>ab</strong></span> <span class='ocrx_word' id='word_1_126' title='bbox 1230 1948 1442 2004; x_wconf 66' lang='lat' dir='ltr'><strong>Hyperide</strong></span> <span class='ocrx_word' id='word_1_127' title='bbox 1476 1963 1573 1993; x_wconf 89' lang='lat' dir='ltr'><strong>esse</strong></span> 
     </span>
     <span class='ocr_line' id='line_1_17' title="bbox 177 2008 1572 2073; baseline 0 -11"><span class='ocrx_word' id='word_1_128' title='bbox 177 2019 397 2063; x_wconf 84' lang='lat' dir='ltr'><strong>defensum</strong></span> <span class='ocrx_word' id='word_1_129' title='bbox 436 2018 677 2073; x_wconf 79' lang='lat' dir='ltr'><strong>perviderat</strong></span> <span class='ocrx_word' id='word_1_130' title='bbox 712 2008 823 2060; x_wconf 85' lang='lat' dir='ltr'><strong>idem</strong></span> <span class='ocrx_word' id='word_1_131' title='bbox 852 2013 1034 2061; x_wconf 84' lang='lat' dir='ltr'><strong>Meierus</strong></span> <span class='ocrx_word' id='word_1_132' title='bbox 1063 2020 1107 2060; x_wconf 92' lang='lat' dir='ltr'><strong>in</strong></span> <span class='ocrx_word' id='word_1_133' title='bbox 1135 2019 1241 2061; x_wconf 90' lang='lat' dir='ltr'><strong>libro</strong></span> <span class='ocrx_word' id='word_1_134' title='bbox 1273 2020 1326 2062; x_wconf 92' lang='lat' dir='ltr'><strong>de</strong></span> <span class='ocrx_word' id='word_1_135' title='bbox 1355 2020 1429 2063; x_wconf 91' lang='lat' dir='ltr'><strong>litt.</strong></span> <span class='ocrx_word' id='word_1_136' title='bbox 1459 2019 1572 2063; x_wconf 82' lang='lat' dir='ltr'><strong>Aui-</strong></span> 
     </span>
     <span class='ocr_line' id='line_1_18' title="bbox 176 2088 1572 2144; baseline 0 -11"><span class='ocrx_word' id='word_1_137' title='bbox 176 2090 238 2133; x_wconf 85' lang='lat' dir='ltr'><strong>cis</strong></span> <span class='ocrx_word' id='word_1_138' title='bbox 267 2101 307 2144; x_wconf 91' lang='lat' dir='ltr'><strong>p.</strong></span> <span class='ocrx_word' id='word_1_139' title='bbox 338 2088 448 2134; x_wconf 82' lang='lat'>260:</span> <span class='ocrx_word' id='word_1_140' title='bbox 497 2099 734 2143; x_wconf 86' lang='lat' dir='ltr'><strong>quanquam</strong></span> <span class='ocrx_word' id='word_1_141' title='bbox 765 2099 878 2130; x_wconf 90' lang='lat' dir='ltr'><strong>nunc</strong></span> <span class='ocrx_word' id='word_1_142' title='bbox 907 2094 1091 2144; x_wconf 81' lang='lat' dir='ltr'><strong>apparet,</strong></span> <span class='ocrx_word' id='word_1_143' title='bbox 1121 2088 1439 2144; x_wconf 88' lang='lat' dir='ltr'><strong>Lycophronem</strong></span> <span class='ocrx_word' id='word_1_144' title='bbox 1470 2104 1572 2134; x_wconf 84' lang='lat' dir='ltr'><strong>ora-</strong></span> 
     </span>
     <span class='ocr_line' id='line_1_19' title="bbox 177 2152 1573 2213; baseline 0 -11"><span class='ocrx_word' id='word_1_145' title='bbox 177 2152 425 2204; x_wconf 62' lang='lat' dir='ltr'><strong>tionem&#39;ab¹</strong></span> <span class='ocrx_word' id='word_1_146' title='bbox 445 2153 655 2213; x_wconf 84' lang='lat' dir='ltr'><strong>Hyperide</strong></span> <span class='ocrx_word' id='word_1_147' title='bbox 672 2154 765 2205; x_wconf 81' lang='lat' dir='ltr'><strong>&#39;sibi</strong></span> <span class='ocrx_word' id='word_1_148' title='bbox 783 2156 1067 2211; x_wconf 65' lang='lat' dir='ltr'><strong>&#39;compositam</strong></span> <span class='ocrx_word' id='word_1_149' title='bbox 1100 2158 1256 2202; x_wconf 86' lang='lat' dir='ltr'><strong>dixisse</strong></span> <span class='ocrx_word' id='word_1_150' title='bbox 1286 2160 1434 2213; x_wconf 87' lang='lat' dir='ltr'><strong>ipsum.</strong></span> <span class='ocrx_word' id='word_1_151' title='bbox 1506 2160 1573 2202; x_wconf 86' lang='lat' dir='ltr'><strong>Ad</strong></span> 
     </span>
     <span class='ocr_line' id='line_1_20' title="bbox 176 2227 1573 2286; baseline -0.002 -10"><span class='ocrx_word' id='word_1_152' title='bbox 176 2233 318 2276; x_wconf 88' lang='lat' dir='ltr'><strong>locum</strong></span> <span class='ocrx_word' id='word_1_153' title='bbox 348 2228 556 2286; x_wconf 88' lang='lat' dir='ltr'><strong>quendam</strong></span> <span class='ocrx_word' id='word_1_154' title='bbox 595 2227 863 2284; x_wconf 69' lang='lat' dir='ltr'><strong>Lycurgeae-</strong></span> <span class='ocrx_word' id='word_1_155' title='bbox 881 2229 1084 2273; x_wconf 83' lang='lat' dir='ltr'><strong>orationis</strong></span> <span class='ocrx_word' id='word_1_156' title='bbox 1122 2230 1355 2286; x_wconf 83' lang='lat' dir='ltr'><strong>respondet</strong></span> <span class='ocrx_word' id='word_1_157' title='bbox 1388 2231 1573 2286; x_wconf 88' lang='lat' dir='ltr'><strong>Hyperi-</strong></span> 
     </span>
     <span class='ocr_line' id='line_1_21' title="bbox 176 2297 1570 2356; baseline -0.002 -10"><span class='ocrx_word' id='word_1_158' title='bbox 176 2302 253 2345; x_wconf 86' lang='lat' dir='ltr'><strong>des</strong></span> <span class='ocrx_word' id='word_1_159' title='bbox 280 2312 321 2356; x_wconf 89' lang='lat' dir='ltr'><strong>p.</strong></span> <span class='ocrx_word' id='word_1_160' title='bbox 347 2299 418 2355; x_wconf 84' lang='lat'><strong>27,</strong></span> <span class='ocrx_word' id='word_1_161' title='bbox 438 2297 507 2355; x_wconf 86' lang='lat'><strong>14,</strong></span> <span class='ocrx_word' id='word_1_162' title='bbox 536 2303 583 2341; x_wconf 84' lang='lat' dir='ltr'><strong>ut</strong></span> <span class='ocrx_word' id='word_1_163' title='bbox 612 2298 717 2342; x_wconf 82' lang='lat' dir='ltr'><strong>scite</strong></span> <span class='ocrx_word' id='word_1_164' title='bbox 749 2298 991 2343; x_wconf 84' lang='lat' dir='ltr'><strong>observavit</strong></span> <span class='ocrx_word' id='word_1_165' title='bbox 1033 2300 1168 2344; x_wconf 85' lang='lat' dir='ltr'><strong>editor</strong></span> <span class='ocrx_word' id='word_1_166' title='bbox 1206 2300 1570 2355; x_wconf 75' lang='lat' dir='ltr'><strong>cantabrigiensis.</strong></span> 
     </span>
     <span class='ocr_line' id='line_1_22' title="bbox 175 2365 1571 2426; baseline -0.001 -11"><span class='ocrx_word' id='word_1_167' title='bbox 175 2372 305 2415; x_wconf 85' lang='lat' dir='ltr'><strong>Usum</strong></span> <span class='ocrx_word' id='word_1_168' title='bbox 346 2374 484 2418; x_wconf 87' lang='lat' dir='ltr'><strong>autem</strong></span> <span class='ocrx_word' id='word_1_169' title='bbox 522 2364 783 2423; x_wconf 80' lang='lat' dir='ltr'><strong>Lycurgum</strong></span> <span class='ocrx_word' id='word_1_170' title='bbox 801 2380 898 2412; x_wconf 86' lang='lat' dir='ltr'><strong>esse</strong></span> <span class='ocrx_word' id='word_1_171' title='bbox 936 2369 1194 2426; x_wconf 79' lang='grc' dir='ltr'><em>εἰσαγγελίᾳ</em></span> <span class='ocrx_word' id='word_1_172' title='bbox 1235 2381 1290 2410; x_wconf 89' lang='lat' dir='ltr'><strong>ex</strong></span> <span class='ocrx_word' id='word_1_173' title='bbox 1330 2369 1498 2412; x_wconf 86' lang='lat' dir='ltr'><strong>Polluce</strong></span> <span class='ocrx_word' id='word_1_174' title='bbox 1529 2369 1571 2425; x_wconf 82' lang='lat'><strong>8,</strong></span> 
     </span>
     <span class='ocr_line' id='line_1_23' title="bbox 177 2431 1571 2496; baseline 0.001 -12"><span class='ocrx_word' id='word_1_175' title='bbox 177 2440 233 2484; x_wconf 87' lang='lat'><strong>52</strong></span> <span class='ocrx_word' id='word_1_176' title='bbox 273 2431 464 2484; x_wconf 85' lang='lat' dir='ltr'><strong>homines</strong></span> <span class='ocrx_word' id='word_1_177' title='bbox 506 2437 619 2481; x_wconf 82' lang='lat' dir='ltr'><strong>docti</strong></span> <span class='ocrx_word' id='word_1_178' title='bbox 655 2442 945 2491; x_wconf 86' lang='lat' dir='ltr'><strong>sumpserunt:</strong></span> <span class='ocrx_word' id='word_1_179' title='bbox 1000 2434 1072 2481; x_wconf 76' lang='grc' dir='ltr'><strong>ὅτι</strong></span> <span class='ocrx_word' id='word_1_180' title='bbox 1113 2435 1140 2482; x_wconf 79' lang='grc' dir='ltr'><em>ὅ</em></span> <span class='ocrx_word' id='word_1_181' title='bbox 1178 2439 1463 2496; x_wconf 79' lang='grc' dir='ltr'><strong><em>εἰσαγγείλας</em></strong></span> <span class='ocrx_word' id='word_1_182' title='bbox 1494 2440 1571 2485; x_wconf 81' lang='grc' dir='ltr'><strong>καὶ</strong></span> 
     </span>
     <span class='ocr_line' id='line_1_24' title="bbox 178 2500 1572 2569; baseline 0.001 -16"><span class='ocrx_word' id='word_1_183' title='bbox 178 2508 263 2569; x_wconf 72' lang='grc' dir='ltr'><strong>οὐχ</strong></span> <span class='ocrx_word' id='word_1_184' title='bbox 302 2505 417 2555; x_wconf 75' lang='grc' dir='ltr'><strong>ἑλών</strong></span> <span class='ocrx_word' id='word_1_185' title='bbox 460 2503 654 2565; x_wconf 71' lang='grc' dir='ltr'><strong><em>ἀζήμιος</em></strong></span> <span class='ocrx_word' id='word_1_186' title='bbox 692 2500 755 2563; x_wconf 76' lang='grc' dir='ltr'><strong>ἦν</strong></span> <span class='ocrx_word' id='word_1_187' title='bbox 785 2503 1063 2565; x_wconf 67' lang='grc' dir='ltr'><em>·“Υπερείδης</em></span> <span class='ocrx_word' id='word_1_188' title='bbox 1088 2510 1141 2553; x_wconf 77' lang='grc' dir='ltr'><strong>ἐν</strong></span> <span class='ocrx_word' id='word_1_189' title='bbox 1169 2508 1230 2566; x_wconf 79' lang='grc' dir='ltr'><strong>τῷ</strong></span> <span class='ocrx_word' id='word_1_190' title='bbox 1261 2504 1380 2566; x_wconf 79' lang='grc' dir='ltr'><strong><em>ὑπὲρ</em></strong></span> <span class='ocrx_word' id='word_1_191' title='bbox 1411 2506 1572 2556; x_wconf 80' lang='grc' dir='ltr'><em>Λυκό-</em></span> 
     </span>
     <span class='ocr_line' id='line_1_25' title="bbox 176 2575 1568 2636; baseline -0.002 -11"><span class='ocrx_word' id='word_1_192' title='bbox 176 2594 345 2636; x_wconf 81' lang='grc' dir='ltr'><strong><em>φρονος</em></strong></span> <span class='ocrx_word' id='word_1_193' title='bbox 368 2578 540 2636; x_wconf 58' lang='lat' dir='ltr'><strong>omnim·</strong></span> <span class='ocrx_word' id='word_1_194' title='bbox 581 2575 622 2619; x_wconf 91' lang='lat' dir='ltr'><strong>id</strong></span> <span class='ocrx_word' id='word_1_195' title='bbox 660 2580 786 2618; x_wconf 80' lang='lat' dir='ltr'><strong>nunc.</strong></span> <span class='ocrx_word' id='word_1_196' title='bbox 817 2575 916 2619; x_wconf 87' lang='lat' dir='ltr'><strong>dicit</strong></span> <span class='ocrx_word' id='word_1_197' title='bbox 954 2582 1102 2621; x_wconf 87' lang='lat' dir='ltr'><strong>orator</strong></span> <span class='ocrx_word' id='word_1_198' title='bbox 1137 2590 1177 2633; x_wconf 91' lang='lat' dir='ltr'><strong>p.</strong></span> <span class='ocrx_word' id='word_1_199' title='bbox 1213 2577 1283 2635; x_wconf 87' lang='lat'><strong>26,</strong></span> <span class='ocrx_word' id='word_1_200' title='bbox 1323 2578 1364 2624; x_wconf 89' lang='lat'><strong>3.</strong></span> <span class='ocrx_word' id='word_1_201' title='bbox 1397 2579 1469 2636; x_wconf 86' lang='lat'><strong>27,</strong></span> <span class='ocrx_word' id='word_1_202' title='bbox 1502 2579 1568 2622; x_wconf 86' lang='grc'><strong>18.</strong></span> 
     </span>
     <span class='ocr_line' id='line_1_26' title="bbox 173 2646 1570 2706; baseline 0.001 -15"><span class='ocrx_word' id='word_1_203' title='bbox 173 2649 262 2692; x_wconf 88' lang='lat' dir='ltr'><strong>Nec</strong></span> <span class='ocrx_word' id='word_1_204' title='bbox 292 2647 399 2703; x_wconf 82' lang='lat' dir='ltr'><strong>fugit</strong></span> <span class='ocrx_word' id='word_1_205' title='bbox 430 2647 632 2691; x_wconf 85' lang='lat' dir='ltr'><strong>Meierum</strong></span> <span class='ocrx_word' id='word_1_206' title='bbox 659 2646 985 2701; x_wconf 85' lang='lat' dir='ltr'><strong>reprehendisse</strong></span> <span class='ocrx_word' id='word_1_207' title='bbox 1015 2649 1289 2706; x_wconf 87' lang='lat' dir='ltr'><strong>Hyperidem,</strong></span> <span class='ocrx_word' id='word_1_208' title='bbox 1335 2651 1449 2705; x_wconf 91' lang='lat' dir='ltr'><strong>quod</strong></span> <span class='ocrx_word' id='word_1_209' title='bbox 1490 2664 1570 2693; x_wconf 90' lang='lat' dir='ltr'><strong>ac-</strong></span> 
     </span>
     <span class='ocr_line' id='line_1_27' title="bbox 174 2718 1570 2782; baseline 0.001 -20"><span class='ocrx_word' id='word_1_210' title='bbox 174 2724 343 2782; x_wconf 82' lang='lat' dir='ltr'><strong>cusator</strong></span> <span class='ocrx_word' id='word_1_211' title='bbox 373 2729 459 2761; x_wconf 89' lang='lat' dir='ltr'><strong>non</strong></span> <span class='ocrx_word' id='word_1_212' title='bbox 489 2719 653 2779; x_wconf 81' lang='lat' dir='ltr'><strong>mitiore</strong></span> <span class='ocrx_word' id='word_1_213' title='bbox 685 2723 729 2761; x_wconf 78' lang='lat' dir='ltr'><strong>et</strong></span> <span class='ocrx_word' id='word_1_214' title='bbox 760 2718 963 2773; x_wconf 88' lang='lat' dir='ltr'><strong>aequiore</strong></span> <span class='ocrx_word' id='word_1_215' title='bbox 1006 2725 1120 2764; x_wconf 86' lang='lat' dir='ltr'><strong>esset</strong></span> <span class='ocrx_word' id='word_1_216' title='bbox 1148 2718 1303 2763; x_wconf 90' lang='lat' dir='ltr'><strong>iudicio</strong></span> <span class='ocrx_word' id='word_1_217' title='bbox 1334 2732 1454 2764; x_wconf 86' lang='lat' dir='ltr'><strong>usus:</strong></span> <span class='ocrx_word' id='word_1_218' title='bbox 1485 2734 1570 2776; x_wconf 89' lang='lat' dir='ltr'><strong>quo</strong></span> 
     </span>
    </p>
   </div>
   <div class='ocr_carea' id='block_1_3' title="bbox 1151 2796 1180 2838">
    <p class='ocr_par' dir='ltr' id='par_1_4' title="bbox 1151 2796 1180 2838">
     <span class='ocr_line' id='line_1_28' title="bbox 1151 2796 1180 2838; baseline 0 0"><span class='ocrx_word' id='word_1_219' title='bbox 1151 2796 1180 2838; x_wconf 90' lang='grc'>8</span> 
     </span>
    </p>
   </div>
  </div>
 </body>
</html>
