1795 3218
240 269 306 300 x11
682 257 1189 302 PRAEFATIO.

240 383 287 425 in
324 394 379 425 eo
418 395 599 437 quoque
636 383 940 427 adecessore
972 396 1076 427 meo
1113 382 1415 427 recedendum
1436 389 1548 437 erat,
1584 389 1646 436 ut,

242 475 345 505 cum
382 464 457 506 ille
500 467 671 506 textum
718 465 950 518 scriptoris
997 465 1171 508 usitatis
1218 466 1331 520 typis
1382 476 1646 520 expressum

242 547 556 588 columnarum
595 545 736 588 instar
771 545 967 589 dedisset
1011 569 1072 578 -—
1112 547 1173 590 ita
1209 547 1328 589 enim
1364 547 1540 591 insertis
1572 546 1646 589 fo-

241 626 311 668 liis
348 627 645 681 lithographis
693 628 820 671 nullo
868 628 1053 682 negotio
1102 641 1130 672 a
1176 628 1424 681 legentibus
1458 629 1645 673 consuli

244 718 441 760 papyrus
476 712 520 750 et
550 710 807 763 comparari
844 712 991 763 potest
1026 733 1121 762 —‚
1167 721 1252 764 ego
1287 711 1394 753 satis
1429 711 1645 754 haberem

245 788 467 829 columnis
516 788 573 830 ad
607 789 859 842 marginem
907 791 1179 838 exteriorem
1216 791 1401 843 signatis
1446 791 1648 845 singulo-

247 880 346 910 rum
385 880 596 911 versuum
642 869 765 912 fines·
802 869 1055 912 interductu
1103 869 1298 912 lineolae
1352 870 1648 930 distinguere:

245 960 350 991 nam
386 949 433 991 id
470 950 634 1004 negligi
670 962 764 993 non
802 950 1018 1003 debebat,
1053 951 1268 1006 quoniam
1303 953 1369 993 est
1399 951 1476 994 ubi
1506 951 1648 994 critici

250 1030 418 1073 referat
448 1031 642 1074 novisse.
731 1031 955 1087 Exemplo
990 1031 1284 1086 Babingtonis
1320 1034 1471 1075 autem
1506 1043 1647 1086 quae-

249 1125 428 1166 cunque
465 1112 522 1155 de
558 1113 819 1155 coniectura
854 1114 1063 1168 suppleta
1097 1116 1202 1156 sunt
1241 1114 1389 1168 saepsi
1437 1115 1647 1158 cancellis

247 1194 316 1236 his
355 1188 433 1254 [];
470 1205 660 1248 quarum
691 1198 842 1237 autem
877 1195 1126 1237 litterarum
1147 1194 1315 1249 aliquid
1335 1198 1485 1237 tamen
1506 1197 1649 1238 resta-

248 1280 317 1318 ret
353 1277 399 1317 in
433 1288 632 1329 papyro,
670 1277 790 1330 quod
823 1288 959 1331 saepe
985 1277 1281 1330 perexiguum
1319 1276 1531 1329 quiddam
1569 1282 1647 1327 est,

251 1371 332 1402 eae
365 1357 684 1402 minutioribus
722 1359 880 1402 formis
917 1360 1131 1402 exaratae
1168 1360 1285 1400 sunt.
1328 1395 1333 1401 ,

355 1447 423 1489 De
453 1447 610 1489 codice
646 1447 746 1502 ipso
783 1448 1021 1502 formaque
1057 1450 1101 1490 et
1124 1446 1312 1489 materia
1341 1447 1475 1499 atque
1501 1445 1650 1500 specie

249 1530 499 1571 litterarum
533 1530 819 1584 peccatisque
857 1530 1028 1573 librarii
1074 1539 1324 1582 eorumque
1358 1528 1651 1570 correctioni-

249 1611 334 1652 bus
370 1609 479 1651 nibil
511 1609 666 1652 attinet
702 1610 830 1664 plura
857 1610 1021 1663 dicere,
1061 1620 1162 1652 cum
1188 1607 1478 1651 Harrisianae
1513 1607 1650 1661 partis

253 1690 474 1740 editoreS‚
505 1701 698 1744 quorum
730 1691 896 1745 scripta
920 1691 965 1733 in
991 1690 1192 1733 omnium
1219 1688 1426 1731 manibus
1465 1699 1650 1731 versan-

251 1774 347 1822 tur,
384 1770 491 1813 satis
524 1770 580 1812 de
616 1771 703 1813 illis
740 1771 874 1814 rebus
911 1770 1146 1814 videantur
1179 1768 1360 1811 dixisse.
1431 1769 1562 1822 Quae
1595 1780 1652 1811 eo

250 1852 398 1894 minus
426 1852 613 1905 recoqui
641 1853 948 1895 necessarium
972 1855 1067 1904 est,
1098 1862 1202 1893 cum
1230 1849 1409 1903 potiora
1440 1849 1485 1891 in
1514 1849 1651 1892 scho-

252 1932 323 1975 liis
360 1932 582 1986 attigerim
618 1933 889 1987 singillatim.
951 1933 1050 1977 Hoc
1086 1933 1259 1976 tantum
1295 1930 1472 1975 addam.
1524 1931 1579 1976 Ut
1606 1932 1650 1974 in

253 2031 302 2060 re
337 2019 555 2071 singulari
590 2021 634 2060 et
666 2019 863 2061 editione
889 2031 1033 2073 paene
1054 2018 1256 2073 principe
1286 2017 1403 2059 mori
1431 2017 1652 2060 scribendi

253 2099 507 2150 vocabula,
545 2099 689 2152 qualis
726 2100 910 2142 saeculo
946 2099 1119 2142 librarii
1155 2101 1199 2141 et
1235 2098 1454 2153 proximis
1490 2098 1535 2140 in
1571 2108 1655 2140 usu

255 2180 361 2232 fuit,
398 2180 551 2234 paullo
587 2181 787 2223 tenacius
837 2181 1035 2232 inhaesi,
1090 2182 1168 2224 sed
1212 2182 1262 2223 ut
1293 2180 1458 2234 apertis
1504 2182 1654 2223 tamen

255 2260 455 2314 lapsibus
504 2261 662 2302 oculos
707 2262 925 2304 lectorum
970 2261 1137 2304 offendi
1184 2260 1367 2302 nollem.
1461 2259 1527 2302 lta
1560 2260 1654 2302 iota

253 2342 554 2396 subscriptum
595 2365 657 2372 -
690 2342 934 2396 ascriptum
970 2342 1094 2385 volui
1124 2340 1274 2383 dicere
1306 2364 1375 2371 -
1409 2352 1547 2395 prave
1583 2340 1653 2384 vel

257 2428 457 2471 additum
508 2426 579 2470 vel
630 2427 849 2470 omissum
895 2427 941 2470 in
978 2418 1145 2472 οὗτωι,
1174 2418 1290 2472 ἰδία,
1321 2418 1519 2476 δημοσία
1557 2425 1652 2469 rell.

257 2509 496 2563 perhorrui
544 2509 713 2562 pariter
753 2513 888 2564 atque
919 2510 1090 2553 formas
1120 2509 1361 2552 mendosas
1398 2518 1455 2549 ex
1493 2507 1654 2550 confu-

255 2592 385 2635 sione
420 2602 476 2642 η,
516 2603 552 2629 ει
586 2596 628 2633 et
660 2603 674 2629 ι
717 2596 966 2648 vocalium,
1023 2607 1139 2650 quae
1186 2591 1420 2636 familiaris
1466 2591 1651 2637 librario

257 2682 351 2732 est,
405 2680 560 2721 ortaS.¹
638 2678 802 2722 Verum
857 2681 1227 2724 assimilationem
1278 2678 1524 2721 litterarum
1578 2677 1648 2719 vel

256 2763 506 2817 neglectam
543 2763 701 2806 contra
733 2764 1101 2807 cousuetudinem
1132 2762 1363 2815 vulgarem
1387 2762 1456 2804 vel
1484 2757 1652 2802 admis-
