1795 3218
211 222 281 274 68
720 230 1110 277 SCHOLIA.

212 351 565 409 διεφθαρμένην
594 350 672 398 καὶ
705 347 793 407 την
821 347 1005 409 η’λικιάν
1047 348 1105 401 οὗ
1145 350 1289 402 καλῶς
1332 349 1617 410 διαφυλάξα-

214 437 302 467 σαν
332 422 466 480 μέχρι
496 420 670 478 γάμου.
746 421 940 466 Similiter
973 421 1216 478 Xenophon
1255 421 1418 467 Mamm.
1444 422 1562 479 155²,
1589 424 1619 467 2

213 492 254 534 εἰ
280 487 577 545 βουλοίμεθά
600 506 660 545 τῳ
684 492 928 549 ἐπιτρέψαι
952 488 983 548 ἢ
1008 491 1176 542 παῖδας
1205 489 1401 551 ἄρρενας
1424 491 1619 538 παιδεῦ-

215 576 291 604 σαι
323 555 353 614 ἦ
385 560 649 617 θυγατέρας
678 560 949 617 παρθένους
979 560 1271 619 διαφυλάξαι.

302 633 373 689 24,
407 631 462 675 12
511 628 665 678 τοῦτ’
709 633 806 678 οὐκ
846 636 1035 692 ἔστιν]
1075 636 1112 678 Β
1155 637 1201 678 in
1232 636 1446 680 Addendis
1484 633 1617 680 ταῦτ’

212 702 340 758 idque
371 703 543 746 rectius.
602 701 697 758 Ego
715 707 854 746 tamen
874 705 989 747 'nunc
1015 703 1196 763 ψευδῆ
1222 704 1348 750 ἐστίν
1368 703 1614 761 praeferam.

301 780 371 837 24,
406 780 460 824 16
493 776 848 838 ὀρεωκόμον]
880 781 1086 825 Connivet
1107 781 1159 824 ad
1188 781 1296 824 hanc
1316 781 1616 825 formam-'edi-

212 857 301 907 tor,
333 856 554 906 postquam
583 850 818 895 Lobeckius
847 857 942 907 post
970 850 1189 907 Phrynich.
1230 864 1269 907 p.
1296 851 1386 895 ’696
1430 852 1616 907 alteram,

212 917 488 978 ὀρεοκόμος,
520 927 719 977 tanquam
756 921 1063 978 α’ττικωτέραν
1109 922 1427 965 commendavit.
1496 921 1617 963 Nunc

212 989 398 1033 fortasse
444 991 509 1033 vir
549 1002 735 1034 summus
782 990 903 1033 aliter
944 991 1094 1046 sentit,
1136 1003 1191 1033 ex
1240 1003 1322 1046 quo
1364 989 1616 1034 Fritzschius

212 1060 473 1113 potissimum
505 1059 558 1101 ad
587 1058 885 1113 Thesmophor.
919 1057 1001 1101 491
1046 1061 1247 1115 gravibus
1277 1061 1435 1104 caussis
1464 1059 1619 1103 vindex

213 1129 387 1171 alterius
416 1128 578 1172 formae
611 1129 757 1172 extitit.
832 1128 954 1171 Adde
981 1128 1216 1173 Buttmann.
1253 1142 1319 1186 gr.
1350 1142 1414 1186 gr.
1451 1128 1499 1186 11,
1530 1128 1617 1172 458

212 1199 314 1241 Lob.
349 1203 392 1241 et
420 1199 555 1253 ipsum
584 1198 839 1241 Lobeckium
866 1198 909 1240 in
942 1197 1169 1241 admirabili
1199 1210 1330 1254 opere
1350 1198 1617 1254 Pathologiae

212 1268 296 1310 vol.
326 1267 356 1323 1,
389 1265 476 1309 534
507 1272 595 1309 not.
654 1266 789 1310 Hodie
808 1267 850 1308 in
867 1266 1081 1322 plerisque
1107 1267 1212 1310 locis
1235 1268 1484 1323 scriptorum
1506 1267 1615 1322 apud

213 1338 401 1381 Pierson.
432 1336 525 1380 Ael.
545 1337 714 1380 Herod.
744 1350 785 1392 p.
817 1336 904 1380 449
933 1343 976 1380 et
1004 1336 1125 1381 TheS.
1157 1337 1298 1392 Steph.
1337 1349 1372 1381 s.
1403 1350 1442 1380 v.
1482 1334 1616 1394 ὀρεω-

212 1405 361 1463 κόμος
393 1420 449 1450 ex
478 1407 695 1451 codicibus
724 1408 959 1451 restitutum
989 1413 1064 1451 est.

302 1478 358 1521 ib.
392 1476 745 1536 προηγητὴν]
776 1478 957 1534 Hesych.
987 1491 1078 1522 sar.
1110 1473 1133 1521 ὅ
1165 1479 1250 1521 τοῦ
1282 1476 1469 1536 ζεύγους
1499 1496 1614 1536 προ-

213 1544 474 1604 ηγούμενος
504 1550 556 1592 ἐν
587 1555 683 1597 τοῖς
711 1545 896 1605 γάμοις.
970 1547 1217 1591 Accuratius
1254 1547 1492 1591 Eustathius
1534 1548 1612 1592 Od.

216 1617 344 1674 1399,
377 1616 432 1659 18
464 1629 520 1659 ex
547 1618 632 1660 lex.
663 1618 821 1661 rhetor.
839 1651 851 1674 ‚
892 1631 1016 1673 quam
1048 1618 1230 1673 glossam
1260 1616 1530 1672 probabiliter
1560 1630 1615 1660 ex

213 1687 296 1729 hoc
325 1687 418 1742 ipso
457 1686 552 1730 loco
591 1699 784 1731 manasse
830 1693 978 1731 censet
1021 1687 1251 1742 Bahingto:
1298 1688 1349 1732 ἐν
1397 1688 1614 1746 ῥητορικῷ

212 1756 365 1814 λεξικῷ
396 1753 669 1812 ’ἡγεῖσθαι
707 1757 783 1801 καὶ
825 1756 901 1800 ἐπὶ
932 1753 1091 1814 γάμου
1133 1756 1343 1812 πομπῆς.
1374 1755 1448 1800 καὶ
1478 1772 1614 1812 προ-

212 1822 431 1882 ηγητήρ
468 1841 610 1882 φασιν
656 1821 739 1871 ἄπ’
782 1825 949 1879 αὐτοῦ,
992 1825 1067 1871 καὶ
1120 1821 1448 1884 προηγητής
1504 1820 1610 1881 παρ’

211 1890 463 1945 Ἀττικοῖς,
494 1891 517 1940 ὁ
547 1896 634 1941 τοῦ
659 1894 842 1953 ζεύγους
870 1890 1133 1953 ἡγούμενος
1164 1898 1214 1940 ἐν
1244 1903 1338 1944 τοῖς
1370 1894 1556 1952 γάμοις.

303 1968 373 2026 24,
409 1968 464 2012 17
504 1969 573 2028 τῷ
603 1968 803 2028 ζεύγει,
833 1968 857 2015 ὃ
887 1963 1028 2027 ἦγεν
1061 1967 1161 2024 τὴν
1190 1964 1448 2025 γυναῖκα]
1490 1968 1612 2018 Quod

213 2038 238 2084 ὃ
269 2041 418 2097 scripsi
450 2045 493 2082 et
522 2052 600 2095 per
631 2052 680 2084 se
711 2044 873 2083 certum
904 2042 993 2081 erat
1023 2042 1065 2080 et
1092 2049 1203 2079 nunc
1227 2044 1454 2094 conspecta
1474 2039 1613 2083 tabula

215 2111 267 2153 ab
305 2111 397 2166 ipso
447 2110 618 2154 librario
664 2114 901 2153 correctum
946 2107 1081 2151 video.
1162 2107 1266 2151 Nam
1310 2120 1438 2165 supra
1480 2111 1613 2167 sigma

213 2187 412 2236 punctum
441 2182 622 2236 positum
653 2186 740 2236 est,
771 2180 936 2236 signum
964 2178 1144 2222 delendi.
1218 2179 1283 2222 Ne
1320 2174 1402 2237 ἦγε
1443 2182 1610 2237 quidem

212 2253 343 2295 invito
377 2252 526 2296 codice
565 2252 655 2295 dari
686 2253 892 2307 oportuit,
937 2257 984 2294 ut
1026 2251 1115 2295 aliis
1144 2251 1248 2295 locis
1278 2263 1390 2293 nunc
1423 2252 1548 2296 video
1578 2272 1608 2300 ν

213 2327 449 2371 detraxisse
481 2326 685 2370 editorem
716 2327 854 2368 tacite.
914 2324 1019 2366 Vide
1049 2324 1103 2367 de
1138 2337 1218 2368 usu
1248 2330 1462 2369 oratorum
1492 2327 1610 2370 Voe-

212 2396 379 2439 melium
419 2397 461 2439 in
507 2409 653 2453 progr.
696 2393 1031 2438 Francofurtano
1063 2406 1100 2436 a.
1135 2391 1249 2436 1853
1297 2394 1387 2449 „De
1418 2393 1480 2439 N
1499 2400 1539 2439 e't
1568 2396 1610 2440 Σ

214 2466 400 2509 adductis
429 2467 602 2511 literis.“
664 2467 723 2510 Ita
753 2478 937 2522 papyrus
966 2469 1112 2508 noster
1153 2477 1246 2508 cum
1287 2466 1385 2508 alibi
1420 2470 1504 2508 tum
1536 2468 1608 2522 22,

214 2535 271 2579 20
303 2540 486 2581 ἔπαθεν
533 2532 585 2581 τὸ
626 2536 829 2581 παιδίον.
902 2536 967 2579 De
1011 2534 1155 2593 ζεύγει
1207 2541 1344 2580 autem
1386 2532 1609 2598 ἧμιονικῷ

213 2606 353 2661 deque
385 2607 497 2648 omni
527 2618 646 2649 more
684 2618 924 2662 pomparum
968 2606 1204 2662 nuptialium
1246 2607 1450 2651 videndus
1495 2609 1607 2653 Pho-

213 2679 292 2721 tius
323 2691 358 2721 s.
389 2692 429 2720 v.
468 2679 625 2735 ζεῦγος
662 2691 702 2733 p.
733 2676 803 2735 46,
837 2679 893 2721 22
923 2678 1029 2734 Lips.
1071 2683 1112 2721 et
1147 2678 1305 2732 reliqua
1351 2681 1459 2735 apud
1497 2681 1608 2723 Her-

214 2747 405 2790 mannum
437 2747 603 2803 Antiqq.
631 2748 775 2803 privat.
806 2746 875 2803 31,
914 2746 967 2789 12
998 2759 1090 2801 sqq.
1402 2746 1404 2748 ’
