1795 3218
718 249 1105 323 scflomA.
1547 268 1611 315 51

219 398 452 459 πεφευγώς
481 398 556 443 καὶ
587 416 647 447 ως
676 394 989 456 στρατηγήσας
1031 401 1081 442 ἐν
1119 396 1222 454 Κέῳ
1267 394 1339 439 καὶ
1371 390 1445 438 διά
1478 396 1612 448 φιλο-

216 469 478 527 χρηματίαν
509 463 658 512 πολλοὶ
689 465 804 512 κακοὶ
836 463 1147 525 ἐργασάμενος
1172 460 1281 512 τούς
1302 461 1613 514 ἐνοικοῦντας,

215 533 283 594 ἐφ
309 538 340 596 ᾧ
374 537 563 595 γραφεὶς
593 531 688 581 ὑπὸ
717 534 985 592 ’Υπερειδου
1016 532 1304 590 παρανόμων
1318 529 1448 577 ἐάλω.«
1479 531 1607 574 Immo

213 619 317 650 vero
347 604 474 663 παρα
507 603 589 650 δύο
620 604 805 662 ψήφους
835 604 1095 663 ἀποφυγεῖν
1124 610 1210 646 tum
1239 602 1404 657 quidem
1423 602 1609 645 creden-

212 675 400 726 dumerit
417 675 588 718 oratori.
649 675 753 717 Vide
774 676 997 730 Sauppium
1016 675 1067 717 ad
1084 674 1272 729 fragmm.
1291 678 1396 715 orat.
1416 686 1453 728 p.
1468 672 1566 728 282,
1580 674 1607 716 6

216 748 257 785 et
286 743 584 798 Kiesslingiumv
603 744 781 800 Lycurg.
810 757 851 800 p.
884 744 971 787 247
1000 757 1092 799 sqq.
1164 744 1227 786 De
1266 744 1395 786 rebus
1436 742 1606 785 Aristo-

213 812 380 867 phontis
409 814 605 857 universe
634 814 811 870 egregie
840 819 1138 857 commentatus
1170 818 1236 856 est
1264 811 1366 855 Aru.
1399 811 1606 855 Schaefe-

213 894 285 924 rus
316 882 456 926 Philol.
490 882 572 927 vol.
602 882 632 938 1,
660 897 698 938 p.
733 883 817 927 187
850 897 941 939 sqq.
985 884 1024 926 Is
1066 897 1107 938 p.
1139 882 1225 925 214
1263 881 1606 935 Aristophontem

211 953 309 994 circ.
352 952 511 1006 olymp.
555 951 651 1006 111,
691 952 718 992 2
758 959 963 994 mortuum
1009 958 1167 994 censet.
1242 952 1344 993 Cum
1385 952 1605 1005 Hyperidis

214 1023 347 1064 oratio
378 1021 605 1063 haberetur
633 1022 675 1062 in
705 1022 812 1064 vivis
841 1021 937 1078 fuit,
968 1026 1012 1063 ut
1041 1021 1173 1063 verba
1205 1022 1293 1074 ipsa
1323 1025 1539 1062 testantur.

300 1119 367 1178 13,
408 1122 436 1165 9
475 1122 845 1187 ἰσχυρότατος
885 1126 1012 1177 κτλ.]
1068 1124 1272 1179 Babingto
1323 1122 1511 1177 ascripsit
1552 1135 1606 1165 ex

210 1195 314 1232 orat.
347 1196 493 1233 contra
521 1179 863 1249 Aristophontem
895 1193 1026 1236 verba
1056 1193 1163 1235 haec
1203 1192 1254 1234 fr.
1285 1190 1340 1233 45
1388 1191 1479 1235 οἶδε
1517 1207 1606 1247 γαρ

209 1255 331 1317 αὐτῷ
361 1259 612 1318 δεδομένην
652 1259 812 1306 ἄδειαν
855 1263 929 1307 καὶ
970 1279 1195 1321 πραττειν
1236 1260 1309 1306 και
1352 1257 1549 1318 γράφειν
1581 1255 1607 1305 ὅ

207 1345 250 1371 τι
287 1346 346 1373 αν
374 1331 583 1389 ἔμβραχυ
610 1329 852 1388 βούληται

299 1419 364 1477 13,
401 1419 450 1463 ll
485 1424 773 1482 Διοπείθη
812 1424 913 1471 τὸν
946 1421 1255 1482 Σφήττιον]
1295 1426 1359 1468 De
1396 1424 1604 1479 Diopithe‚

205 1492 420 1534 Menandri
449 1499 612 1550 poetae,
642 1500 687 1537 ut
716 1495 874 1551 ferunt,
904 1502 1048 1552 patre,
1089 1499 1190 1540 satis
1231 1501 1396 1540 constat
1425 1508 1481 1537 ex
1509 1495 1602 1536 De-

204 1560 441 1618 mosthene,
473 1576 512 1605 v.
542 1563 721 1609 Meinek.
752 1564 860 1608 Men.
902 1571 944 1609 et
984 1566 1148 1610 Philem.
1190 1580 1230 1622 p.
1259 1566 1400 1622 XXIV,
1431 1566 1496 1608 Fr.
1533 1565 1603 1607 Ia-

207 1632 340 1673 cohsii
369 1632 594 1675 Introduct.
626 1639 729 1678 orat.
762 1634 1015 1678 chersones.
1059 1649 1098 1690 p.
1130 1636 1218 1678 326
1248 1649 1326 1691 sq.‚
1356 1635 1602 1677 Winiewski

206 1699 474 1744 commentar.
506 1701 599 1745 hist.
632 1709 674 1754 et
703 1704 893 1749 chronol.
926 1706 967 1748 in
997 1706 1114 1749 Dem.
1157 1706 1209 1749 de
1240 1718 1327 1748 cor.
1373 1719 1412 1760 p.
1448 1704 1531 1748 197
1561 1707 1603 1748 et

202 1770 420 1825 Kiessling.
451 1771 632 1826 Lycur-g.
673 1786 714 1828 p.
744 1769 831 1816 XV.
902 1775 998 1816 Non
1037 1775 1255 1819 constabat
1293 1775 1345 1816 ab
1387 1774 1598 1831 Hyperide

201 1839 241 1880 in
273 1840 338 1881 ius
370 1845 562 1883 vocatum
601 1841 731 1887 fuisse
769 1843 1016 1898 Diopithem.

292 1928 442 1985 13,12
480 1929 811 1988 Φιλοκράτη
832 1927 1599 1989 τόν’Λγνου’σιον]1)θῐηοεῑὶιθ-

204 2012 280 2045 nes
310 2001 354 2043 F.
383 2000 483 2057 Leg.
518 2000 602 2045 116
632 2014 673 2059 p.
699 2001 785 2046 376
817 2002 927 2059 (coll.
951 2001 1038 2045 309
1068 2015 1107 2057 p.
1123 2000 1223 2058 440)
1254 1999 1412 2059 πρῴην
1441 1997 1600 2055 εἰσῆγ-

199 2072 357 2128 γελλεν
385 2069 657 2128 “Υπερει’δης
691 2070 989 2131 Φιλοκράτην.
1065 2073 1297 2116 Aeschines
1327 2070 1510 2125 Ctesiph.
1540 2068 1597 2111 79

207 2136 488 2196 Φιλοκράτης
518 2142 609 2195 μὲν
639 2137 733 2186 άπὸ
765 2144 855 2186 τῶν
886 2139 1035 2187 αὐτῶν
1065 2139 1420 2197 πολιτευμάτων
1442 2142 1600 2195 Δημο-

203 2211 361 2256 σθένει
393 2205 539 2266 φυγάς
571 2207 652 2256 ἀπ’
683 2213 965 2268 εἰσαγγελίας
994 2213 1249 2269 γεγένηται.
1317 2211 1420 2254 Vide
1460 2210 1599 2264 Saup-

201 2281 312 2334 pium
345 2280 397 2322 ad
426 2280 645 2336 Hyperidis
674 2281 725 2324 i'r;
756 2281 843 2324 200
864 2294 905 2336 p.
922 2280 1023 2323 301.
1084 2281 1225 2323 Tenor
1250 2281 1438 2323 universi
1459 2280 1541 2322 1οοί
1557 2281 1598 2321 in

205 2355 385 2392 mentem
401 2356 578 2393 revocat
591 2350 882 2405 Aristophanis
898 2351 1188 2406 gloriationem
1203 2352 1353 2403 Vespp.
1373 2349 1485 2390 1029
1503 2359 1595 2401 sqq.

318 2426 422 2476 οὐδ’
451 2426 527 2475 ὅτε
558 2427 739 2487 πρῶτόν
768 2429 810 2488 γ’
839 2426 943 2487 ἦρξε
976 2428 1227 2481 διδάσκειν,
1257 2427 1466 2474 νάνοισιν
1494 2422 1597 2484 φὴσ’

996 2498 1273 2551 ἐπιθέσθαι,

320 2564 418 2614 ἄλλ’
445 2567 728 2628 Ἠρακλέους
758 2562 896 2627 ὀργήν
933 2562 1021 2613 τιν’
1053 2570 1166 2627 ἔχων
1209 2576 1322 2614 τοῖσι
1365 2567 1598 2625 μεγίστοις

995 2642 1253 2697 ἐπιχειρεῖν,

320 2704 523 2763 θρασέως
555 2704 720 2761 &vovete
750 2704 898 2757 εὐθύς
941 2701 1020 2752 ἀπ’
1061 2702 1197 2765 ἀρχῆς
1238 2705 1359 2766 αὐτῷ
1397 2708 1456 2764 τῷ
1488 2722 1598 2764 καρ-

999 2772 1261 2835 χαρὸδοντι,
