1795 3218
213 220 258 250 vi
645 207 1169 255 PRAEFATIO.

211 336 374 379 tiarum
396 335 624 379 actionem
649 336 959 391 significabam
980 336 1339 393 acceptissimum
1360 336 1471 380 mihi
1497 338 1610 392 fore,

211 419 250 460 si
281 429 396 472 opus
433 429 587 470 suum,
629 419 757 461 cuius
790 419 1006 473 singulari
1056 419 1266 474 cupidine
1306 415 1608 473 cognoscendi

212 498 453 552 ardebam,
512 500 635 543 recta
686 499 759 544 via
811 501 855 542 et
905 512 989 555 per
1040 502 1326 545 tabellarium
1379 500 1608 557 publicum

210 582 509 625 transmittere
544 582 682 625 vellet
718 582 1011 636 quantocius:
1058 583 1307 636 addebam,
1352 584 1442 626 hoc
1487 583 1607 625 facto

210 674 345 718 posse
376 675 451 706 me
488 662 544 706 de
580 664 751 706 recenti
786 663 866 708 illo
900 676 1166 719 graecarum
1190 666 1439 709 litterarum
1459 665 1608 708 incre-

209 747 365 788 mento
403 745 449 786 in
486 744 638 787 diariis
671 745 898 789 litterariis
928 747 1095 790 nostris
1132 747 1304 790 referre
1340 759 1422 801 per
1465 746 1607 789 otium

210 826 426 869 feriarum
461 837 577 880 quae
622 826 862 871 instabant.
945 827 997 871 ld
1039 828 1247 871 lubenter
1291 839 1365 870 me
1405 828 1608 883 recipere

210 907 449 951 facturum.

311 1004 405 1049 Nec
440 1005 593 1048 irritae
628 1015 786 1058 preces
820 1005 1014 1048 fuerunt.
1085 1005 1199 1049 Nam
1237 1017 1337 1048 cum
1363 1005 1447 1047 sub
1469 1004 1605 1047 finem

207 1085 375 1127 mensis
411 1084 562 1127 Martii
594 1084 652 1126 ab
683 1085 854 1137 amicis,
890 1097 1004 1140 quos
1041 1085 1298 1138 inviseram,
1333 1084 1610 1139 Brunopoli-

209 1167 326 1209 tanis
355 1166 402 1208 in
432 1166 550 1209 hanc
585 1165 745 1208 urbem
781 1166 1025 1220 redissem,
1074 1167 1349 1209 offerebatur
1395 1178 1501 1220 pars
1537 1168 1607 1208 ta-

208 1259 315 1289 men
351 1246 454 1288 libri
486 1245 865 1299 desideratissimi,
900 1247 981 1289 sed
1014 1259 1070 1289 ea
1095 1247 1247 1301 potior
1282 1248 1327 1288 et
1363 1258 1453 1299 qua
1487 1245 1604 1287 sitim

208 1338 357 1369 meam
392 1325 451 1369 ad
485 1328 662 1380 tempus
698 1326 1050 1380 restinguerem:
1086 1326 1267 1370 tabulae
1293 1324 1606 1379 lithographae

208 1407 372 1460 insigni
406 1408 502 1449 arte
539 1405 686 1448 factae
722 1417 868 1460 nuper
902 1406 1148 1449 admodum
1194 1407 1241 1448 in
1274 1417 1435 1448 manus
1480 1416 1605 1447 meas

209 1489 454 1540 venerunt,
505 1498 607 1529 cum
641 1486 870 1541 specimen
902 1487 1277 1543 typographicum
1321 1486 1419 1530 folii
1461 1487 1607 1540 quarti

208 1569 533 1619 emendabam‚
568 1569 874 1612 munificentia
909 1571 997 1613 Ios.
1020 1570 1219 1622 Ardenii,
1246 1570 1329 1612 viri
1353 1569 1605 1612 clarissimi.

207 1650 305 1705 Ego
344 1662 453 1694 vero
490 1650 621 1694 avide
666 1650 894 1705 resignato
940 1651 1171 1695 volumine
1207 1650 1422 1706 opinione
1459 1650 1606 1693 maio-

208 1743 303 1773 rem
341 1732 494 1774 animo
531 1733 715 1785 percepi
751 1733 1053 1786 voluptatem:
1086 1734 1283 1786 primum
1318 1732 1481 1786 raptim
1503 1732 1605 1786 legi,

208 1814 280 1855 vel
316 1806 465 1856 dicam
501 1812 744 1866 devoravi,
790 1814 1023 1868 insigniter
1057 1817 1212 1868 captus
1248 1814 1317 1857 his
1352 1815 1606 1857 recentibus

209 1896 405 1946 deliciis;
442 1896 673 1938 crescebat
701 1896 928 1949 gaudium,
954 1909 1057 1940 non
1082 1896 1382 1949 minuebatur,
1407 1898 1606 1951 quoties—

207 1989 384 2032 cunque
440 1977 758 2029 revolvebam,
807 1978 1154 2033 gratulabarque
1195 1980 1239 2021 et
1268 1978 1495 2032 Ardenio,
1529 1981 1605 2034 qui

207 2059 470 2100 thesaurum
504 2057 561 2099 ab
595 2057 777 2100 interitu
800 2059 986 2102 retraxit
1018 2059 1281 2114 liberalique
1302 2060 1455 2103 animo
1478 2072 1606 2104 com-v

208 2139 332 2180 muni
364 2138 541 2180 utilitati
577 2150 671 2181 non
706 2138 888 2193 invidit,
922 2143 966 2183 et
996 2139 1078 2183 Ch.
1097 2139 1381 2194 Babingtoni,
1403 2142 1604 2184 cuicon-

209 2221 305 2274 tigit
341 2220 458 2262 illius
495 2211 673 2270 εὕρημα
713 2221 804 2263 suis
840 2222 959 2264 curis
1005 2224 1276 2265 exornatum
1321 2222 1368 2264 in
1401 2221 1498 2265 dias
1533 2222 1606 2265 lu-

206 2302 339 2344 minis
376 2311 511 2344 auras
550 2300 793 2344 vindicare.
863 2302 1130 2344 Deleniebat
1163 2303 1323 2348 autem,
1344 2302 1535 2357 simplex
1563 2308 1606 2346 et

207 2384 358 2426 nativa
391 2382 615 2436 elegantia
647 2383 886 2436 sermonis,
919 2383 964 2425 in
1002 2383 1359 2437 argumentando
1394 2383 1606 2428 refellen-

207 2466 358 2519 doque
394 2465 466 2507 vel
503 2476 694 2507 acumen
729 2466 801 2508 vel
838 2465 1025 2518 astutia,
1061 2466 1327 2521 perspicuae
1376 2466 1420 2508 et
1465 2466 1606 2512 dulcis

207 2543 378 2589 lumina
412 2544 683 2587 narrationis
718 2547 761 2587 et
791 2547 886 2589 eius
911 2547 1144 2589 distinctae
1168 2558 1320 2589 rerum
1350 2549 1483 2591 antea
1511 2561 1604 2592 non

208 2631 490 2687 cognitarum
528 2628 850 2674 iucundissima
873 2632 1092 2675 ubertate.
1161 2630 1392 2675 Laetitiam
1411 2632 1606 2687 augebat

209 2720 387 2771 praeter
423 2716 668 2760 novitatem
706 2715 807 2757 libri
845 2727 1029 2770 prorsus
1063 2715 1301 2769 singularis
1329 2717 1612 2772 optimorum
