1795 3218
620 751 1186 842 PRAEFATIO.

317 935 556 989 Nunquam
583 937 788 990 putaram
811 936 966 977 nostra
996 935 1142 976 aetate
1168 932 1389 985 integram
1409 931 1606 986 aliquam

215 1014 467 1057 orationem
499 1005 997 1070 Hyperidis'repertum
1033 1014 1104 1066 iri,
1139 1012 1305 1056 nedum
1327 1014 1493 1055 memet
1512 1013 1609 1055 edi-

214 1098 360 1138 torem
395 1096 494 1139 fore
529 1098 748 1151 repertae.
817 1095 1035 1150 Legeram
1080 1105 1190 1136 sane
1238 1093 1403 1137 alicubi
1446 1093 1611 1137 abhinc

216 1177 389 1231 aliquot
419 1189 562 1221 annos
609 1177 665 1220 de
710 1176 898 1221 advecto
942 1188 998 1219 ex
1043 1175 1278 1230 superiore
1326 1176 1528 1230 Aegypto
1564 1176 1611 1218 in

215 1256 492 1301 Britanniam
526 1269 700 1313 papyro
736 1258 893 1311 altero,
927 1257 1002 1313 qui
1030 1256 1191 1311 etipse
1219 1254 1474 1310 Hyperidea
1497 1267 1609 1300 con-

216 1341 401 1392 tineret,
447 1326 607 1383 similis
651 1339 775 1393 eius,
821 1351 880 1383 ex
930 1351 1020 1394 quo
1064 1349 1186 1381 anno
1234 1336 1611 1383 MDCCCXLVIII

216 1420 435 1476 orationis
468 1423 626 1464 contra
662 1421 1013 1465 Demosthenem
1059 1418 1251 1462 laciniae
1298 1418 1444 1462 editae
1495 1424 1611 1463 sunt.

218 1501 306 1546 Sed
341 1502 378 1545 is
417 1513 574 1545 rumor
604 1503 828 1546 memoria
870 1513 974 1545 mea
1009 1512 1154 1557 paene
1190 1500 1433 1544 exciderat.
1517 1501 1611 1545 Nec

216 1584 406 1635 mirum,
438 1595 541 1626 cum
576 1586 809 1627 oratorum
848 1583 1096 1627 Atticorum
1132 1582 1382 1636 provincia,
1417 1594 1610 1637 quorum

217 1679 303 1722 ego
334 1668 556 1722 frequenti
608 1667 789 1722 quidem
838 1667 917 1710 illo
954 1669 999 1710 et
1039 1667 1240 1718 vetustO,
1288 1665 1368 1709 sed
1416 1667 1612 1723 hospitio

215 1752 365 1792 tamen
400 1747 551 1801 fruor,
581 1749 774 1791 aliorum
816 1749 965 1803 potius
1000 1748 1058 1791 sit
1090 1747 1326 1790 doctorum
1361 1747 1612 1803 hominum,

217 1840 302 1883 ego
339 1832 487 1872 autem
524 1828 571 1871 in
606 1829 887 1872 scenicorum
922 1819 1202 1884 potissimum
1243 1830 1479 1882 poetarum
1516 1832 1611 1874 stu-

172 1957 175 1960 ,
217 1910 339 1952 dium
376 1920 449 1952 me
478 1910 652 1964 penitus
688 1910 1000 1953 immerserim.
1083 1909 1201 1952 Ecce
1251 1922 1389 1963 vero,
1431 1912 1477 1954 in
1513 1913 1611 1956 aliis

218 1992 429 2035 omnibus
476 1991 628 2035 defixo
672 1993 784 2036 mihi
829 1993 1012 2035 ineunte
1057 2003 1212 2035 mense
1261 1991 1427 2035 Martio
1478 1993 1610 2038 huius

217 2073 323 2115 anni
359 2073 681 2127 superveniunt
716 2073 890 2117 litterae
911 2071 1313 2126 Cantabrigienses‚
1350 2073 1511 2127 plenae
1538 2075 1609 2118 of-

216 2153 304 2196 ficii
338 2155 382 2197 et
410 2154 719 2208 humanitatiS‚
756 2154 872 2197 velle
910 2154 1056 2198 virum
1102 2153 1284 2198 doctum
1330 2155 1483 2199 nescio
1521 2169 1610 2211 qua

217 2235 355 2279 animi
399 2236 469 2278 sui
516 2235 561 2277 in
608 2247 681 2278 me
725 2236 1030 2291 propensione
1079 2236 1338 2291 exemplum
1377 2237 1468 2280 iam
1515 2241 1606 2281 tum

215 2329 360 2373 paene
392 2317 449 2360 ad
480 2318 740 2362 umbilicum
778 2319 996 2363 adductae
1032 2319 1239 2362 editionis
1279 2319 1467 2363 duarum
1502 2332 1608 2364 ora-

216 2401 388 2444 tionum
402 2399 638 2454 Hyperidis
666 2413 724 2444 ex
750 2412 921 2456 papyro
955 2404 1181 2444 erutarum
1210 2399 1319 2442 mihi
1344 2399 1467 2445 dono
1503 2403 1609 2446 mit-

215 2484 335 2525 tere:
368 2482 413 2524 id
445 2494 533 2536 qua
556 2482 627 2525 via
652 2482 890 2525 commode
908 2482 1033 2524 fieret
1046 2482 1306 2536 quaerebat.
1360 2483 1473 2527 Tum
1498 2497 1609 2530 vero

216 2562 420 2607 exultans
457 2563 647 2617 laetitia,
682 2575 784 2606 cum
820 2563 988 2607 famam
1032 2564 1156 2607 illam
1193 2563 1373 2608 incertis
1411 2568 1608 2610 auctori-

215 2644 298 2686 bus
331 2642 558 2695 vulgatam
594 2655 687 2688 non
719 2643 878 2688 falsam
914 2642 1053 2687 fuisse
1089 2643 1446 2698 comperiebam,
1485 2647 1606 2689 illico

215 2726 538 2770 humanissimo
574 2729 787 2784 insperati
823 2728 1021 2771 muneris
1068 2728 1241 2773 auctori
1288 2732 1465 2783 praeter
1500 2741 1604 2785 gra-
