1795 3218
238 294 305 343 38
724 299 1112 344 SCHOLIA.

231 421 359 472 sium;
391 420 546 462 nemini
579 420 912 463 incommodaret
942 422 1104 475 privato
1137 420 1306 475 homini,
1337 431 1516 473 quorum
1542 421 1623 463 de-

229 488 376 532 fensor
404 488 527 532 fuerit
558 501 687 545 saepe
718 490 955 534 multorum.

315 560 472 602 Verum
504 573 597 602 cum
617 561 745 603 multa
765 563 935 615 praeter
952 573 1042 602 rem
1065 559 1342 603 confersisset
1362 560 1623 615 Polyeuclus,

230 630 381 684 quibus
412 643 542 685 aegre
576 632 742 674 occurri
773 637 918 687 posset
949 644 972 673 a
1002 643 1101 686 reo,
1140 630 1239 673 nihil
1269 629 1466 686 Hyperidi
1497 628 1623 671 odio-

229 700 315 741 sius
347 700 481 742 visum
513 706 606 755 est,
627 714 751 755 quam
784 702 898 755 quod
929 702 996 743 ille
1028 701 1252 743 identidem
1282 700 1505 742 inculcavit
1531 699 1623 741 Eu-

226 771 451 825 xenippum
492 770 658 813 divitem
707 783 802 814 esse
845 771 1094 826 divitiasque
1139 783 1239 814 suas
1287 770 1439 813 iniuste
1482 775 1624 824 partas

227 840 398 881 habere.
462 840 578 889 Quae
611 841 791 883 obiectio
824 842 1055 882 clanculum
1079 853 1224 895 sparsa
1248 846 1290 882 et
1310 841 1542 894 suspiciose
1569 852 1624 881 ne

228 909 325 962 quid
356 909 469 952 forte
499 902 659 952 noceat
680 910 953 966 Euxenippo,
994 909 1229 965 Hyperides
1269 909 1481 964 complura
1515 920 1623 951 enu-

227 984 359 1021 merat
403 981 592 1035 exempla
635 981 802 1036 similia,
850 981 922 1022 ubi
966 980 1200 1023 hominibus
1249 980 1476 1035 opulentis,
1517 989 1622 1032 quos

229 1049 517 1103 sycophantae
550 1057 727 1105 propter
758 1051 920 1106 argenti
942 1050 1107 1092 fodinas
1129 1055 1273 1093 contra
1300 1050 1419 1104 leges
1445 1048 1623 1091 admini-

226 1124 376 1162 stratas
407 1120 673 1175 detulissent,
697 1119 880 1174 iudices‚
912 1131 993 1174 qua
1026 1119 1231 1160 excellant
1260 1124 1427 1172 praeter
1457 1123 1624 1167 ceteros

226 1189 481 1233 humanitate
514 1195 555 1232 et
583 1203 739 1245 magno
770 1191 932 1244 animo,
975 1188 1127 1231 deesse
1164 1189 1375 1232 noluerint
1405 1194 1448 1231 et
1483 1201 1622 1243 quan-

229 1272 353 1313 quam
386 1260 597 1302 delatores
638 1271 724 1301 non
764 1260 860 1300 leve
905 1259 1067 1300 lucrum
1110 1258 1274 1300 aerario
1316 1258 1484 1317 publico
1524 1258 1622 1299 inde

227 1332 536 1384 ostentassent,
568 1341 623 1371 ex
654 1327 885 1371 crudelium
915 1326 1127 1370 hominum
1159 1327 1348 1370 manibus
1380 1326 1621 1381 eripuerint.

224 1397 320 1438 Dixi
350 1410 501 1452 supra,
533 1398 823 1451 Euxenippum
854 1401 895 1438 et
924 1398 1056 1451 ipsum
1089 1408 1143 1437 ex
1171 1396 1344 1438 metallis
1376 1408 1480 1450 opes
1501 1409 1622 1438 com-

224 1469 442 1522 paravisse
474 1473 801 1511 consentaneum
834 1479 944 1511 esse,
1104 1511 1107 1513 ,
1221 1516 1224 1518 ‚

313 1539 397 1582 Sub
427 1540 551 1581 finem
590 1540 796 1582 iudicibus
817 1535 1005 1593 impense
1028 1538 1289 1582 commendat
1315 1539 1618 1593 Euxenippum,

224 1614 271 1651 ut
302 1621 397 1651 eum
434 1616 644 1653 servatum
675 1610 820 1665 velint,
868 1610 939 1664 qui
971 1609 1025 1652 ob
1056 1622 1145 1652 rem
1177 1609 1371 1652 frivolam
1401 1610 1520 1663 gravi
1548 1612 1619 1652 iu-

226 1680 335 1722 dicio
365 1680 599 1733 postulatus
629 1680 682 1723 sit
713 1686 755 1722 et
784 1680 825 1721 id
855 1686 1025 1733 praeter
1064 1681 1196 1734 leges.
1269 1679 1397 1721 Immo
1440 1691 1620 1733 aequum

226 1760 348 1799 esse,
379 1754 423 1790 ut
453 1750 726 1805 Polyeuctus,
760 1761 854 1791 cum
883 1749 1170 1803 Euxenippum
1202 1748 1518 1791 denunciaverit
1545 1748 1620 1791 λε’.-

222 1836 322 1875 γειν
357 1816 425 1879 μὴ
453 1815 512 1864 τοὶ
545 1816 706 1875 ἄριστα
735 1819 795 1873 τῷ
829 1816 956 1876 δήμῳ
997 1821 1056 1877 τῷ
1101 1814 1374 1874 Ἀθηναίων
1404 1815 1617 1877 χρήματα

223 1883 536 1944 λαμβάνοντα
568 1888 640 1931 καὶ
671 1884 835 1941 δωρεάς
866 1882 992 1940 παροὶ
1027 1887 1117 1929 τῶν
1142 1883 1367 1929 τοῖναντιά
1388 1882 1621 1940 πραττόν-

221 1972 310 2000 των
341 1956 402 2013 τῷ
437 1952 565 2014 δήμῳ
597 1956 656 2012 τῷ
686 1951 989 2010 Ἀθηναίων,
1038 1967 1115 1997 eos
1151 1955 1300 2009 potius>
1329 1967 1427 1996 reos
1460 1960 1620 2010 ageret,

223 2039 401 2080 quorum
440 2027 561 2069 donis
608 2032 650 2068 et
692 2027 935 2069 muneribus
975 2030 1197 2079 corruptus
1238 2030 1377 2079 esset,
1424 2025 1619 2078 quoniam

223 2097 327 2137 istos
369 2096 412 2136 in
441 2097 531 2149 ipsa
573 2096 679 2137 urbe
723 2095 911 2150 versari,
965 2107 1050 2137 non
1099 2100 1268 2137 exteros
1308 2106 1403 2137 esse
1446 2094 1616 2136 diceret.

224 2164 442 2208 Postremo
473 2166 670 2208 admonet
699 2167 901 2221 graviter,
943 2172 989 2208 ut
1026 2166 1185 2208 iudices
1228 2165 1457 2208 secundum
1498 2166 1618 2220 leges
1652 2175 1655 2177 ’

223 2240 266 2276 et
304 2236 589 2278 iusiurandum
629 2238 878 2279 sententiam
907 2236 1063 2292 ferant,
1107 2237 1342 2279 orationum
1368 2236 1420 2277 ab
1441 2231 1618 2290 utraque

222 2310 342 2359 parte
373 2305 605 2347 habitarum
637 2307 764 2348 obliti.

307 2471 345 2512 p.
376 2458 416 2514 3,
448 2458 475 2501 3
507 2453 650 2504 Ἀλλ’
683 2462 848 2518 ἔγωγε
881 2495 890 2504 .
921 2494 929 2503 .
956 2494 1000 2503 ..
1044 2458 1336 2516 θαυμάζω]
1377 2460 1615 2514 Xenophon

220 2528 335 2570 initio
367 2529 593 2584 Symposii:
623 2525 749 2575 Ἀλλ’
786 2531 889 2587 ἐμοὶ
929 2531 1047 2576 δοκεῖ
1083 2531 1175 2574 τῶν
1217 2531 1366 2574 καλῶν
1395 2525 1617 2587 κάγαθῶν

221 2595 402 2655 ἀνδρῶν
431 2602 538 2655 ἔργα
571 2596 627 2643 οὐ
656 2597 806 2655 μόνον
837 2600 893 2647 τοὶ
925 2597 1043 2657 μετα
1075 2601 1279 2657 σπουδῆς
1310 2597 1611 2658 πραττόμενα

219 2662 625 2724 ἀξιομνημόνευτα
659 2670 800 2722 εἶναι,
848 2669 962 2716 ἄλλα
995 2672 1068 2716 καὶ
1102 2669 1157 2714 τοὶ
1192 2675 1242 2715 ἐν
1273 2679 1369 2720 ταῖς
1397 2673 1613 2722 παιδιαῖς.

217 2737 329 2779 Idem
351 2739 453 2792 reip.
474 2738 625 2783 Laced.
656 2736 786 2786 Ἀλλ’
807 2738 887 2799 ἐγώ
912 2739 1134 2798 ἐννοήσας
1150 2742 1264 2785 ποτὲ
1287 2736 1346 2792 ὥς
1365 2736 1392 2798 ἦ
1419 2737 1615 2798 Σπάρτη

220 2808 313 2850 τῶν
344 2802 826 2865 ὀλιγανθρωποτοῖτων
872 2809 1049 2856 πόλεων
1090 2805 1207 2855 οὖσα
1240 2806 1535 2868 δυνατωτάτη
1564 2826 1613 2854 τε
