1795 3218
236 279 314 311 xvi
683 266 1197 312 PRAEFATIO.

235 393 454 437 orationis
480 393 627 448 ipsum
651 393 888 436 exordium
913 394 1063 446 habet,
1086 406 1113 436 a
1136 394 1377 449 supercilio
1402 396 1445 437 et
1466 389 1637 443 σεμνό-

233 484 337 525 τητι
366 473 683 516 Demosthenis
719 474 833 517 mire
869 473 1168 517 recedentem.
1241 473 1350 519 Vide
1386 474 1497 517 mihi
1531 488 1573 530 p.
1589 473 1635 527 4,

235 549 265 597 2
304 566 433 610 sqq.‚
478 555 555 598 ubi
604 559 761 598 orator
804 557 1103 599 temeritatem
1134 550 1224 594 ’τῶν
1255 547 1636 608 εἰσαγγελλόντων

233 636 468 690 exagitans
504 638 715 692 exempla
738 638 905 693 promit
927 638 1163 682 hominum
1188 641 1279 681 tam
1305 639 1431 693 gravi
1457 639 1634 683 actione

231 734 313 777 per
348 722 574 765 levitatem
610 723 877 778 petitorum:
910 717 1156 775 Διογνίδης
1184 720 1276 775 μὲν
1305 717 1381 762 καὶ
1404 717 1633 764 ΑἈντίδω-

235 813 311 852 ρος
343 793 617 851 ὄμέτοικο
635 815 658 848 ς
688 798 1061 854 εἰσαγγέλλονται
1091 793 1150 846 οἷς
1180 798 1376 846 πλέονος
1394 798 1632 853 μισθοῦν-

231 882 306 915 ἰες
336 861 421 915 τοὶς
454 862 730 923 αὐλητρίδας
766 863 796 922 ἢ
828 865 851 911 ὁ
883 865 1031 920 νόμος
1061 861 1232 910 κελεύει
1265 897 1276 910 .
1310 894 1320 906 ·
1355 895 1366 906 .
1399 894 1442 917 ·,
1486 861 1634 918 Εὐξέ·

232 950 409 984 νιππος
439 931 482 979 δ’
513 933 633 993 ’ὑπὲρ
677 936 766 981 τῶν
814 937 1045 980 ἐνυπνίων
1083 927 1147 980 ὧν
1195 951 1333 992 φησιν
1374 935 1634 993 ἑωρακέναι,

229 1010 274 1053 h.
301 1022 341 1053 e.
359 1013 544 1066 propter
567 1012 748 1055 somnia
770 1009 1000 1056 ementita.
1072 1010 1123 1055 ld
1148 1011 1296 1066 ipsum
1316 1014 1480 1064 autem,
1509 1011 1631 1065 quod

230 1102 459 1134 summum
496 1095 576 1143 est,
613 1092 774 1136 callide
810 1093 936 1143 silet,
966 1095 1014 1135 ut
1049 1092 1296 1137 adversarii
1331 1092 1522 1148 ineptias
1553 1095 1634 1135 At-

228 1173 320 1215 tico
356 1173 451 1216 sale
483 1173 708 1228 perfricet.
797 1173 991 1216 Prorsus
1035 1174 1242 1217 similiter
1281 1174 1407 1217 illum
1443 1174 1633 1218 traducit

232 1267 276 1309 p.
295 1249 342 1307 7,
367 1248 457 1298 18:
492 1244 778 1307 Εὐξενίππῳ
804 1246 847 1293 δ’
881 1246 967 1293 ὅτι
1000 1246 1178 1305 ἰδιώτης
1208 1250 1297 1293 ἐστὶ
1327 1250 1404 1294 καὶ
1425 1246 1631 1307 πρεσβύ-

229 1345 384 1386 τερος,
414 1324 522 1374 οὐδὲ
553 1325 663 1378 τούς
696 1329 859 1385 φίλους
889 1327 1088 1379 καὶτούς
1104 1329 1300 1382 οἰκείους
1326 1333 1497 1382 ἔξεσται
1511 1332 1630 1387 βοη-

232 1405 364 1450 θεῖν,
404 1406 632 1467 ubiffcum
677 1417 749 1448 res
799 1406 898 1460 ipsa
933 1418 1027 1450 non
1061 1409 1153 1449 tam
1189 1397 1260 1445 ὅτι
1292 1418 1427 1460 quam
1470 1400 1631 1455 καίπερ

232 1487 509 1541 requireret,
560 1477 631 1525 ὅτι
670 1488 882 1541 praetulit
917 1487 975 1530 ad
1021 1488 1361 1542 perversitatem
1402 1486 1631 1542 Polyeucti

231 1566 556 1620 castigandam,
589 1568 719 1622 quasi
756 1568 816 1611 ob
842 1568 888 1611 id
918 1569 1065 1623 ipsum
1100 1568 1414 1611 defensoribus
1441 1568 1516 1611 ille
1552 1579 1630 1610 or·-

231 1650 342 1692 bare
371 1649 479 1691 velit
514 1660 668 1702 reum,
709 1646 834 1709 quod
867 1649 904 1693 is
941 1649 1095 1693 senior
1128 1649 1185 1692 sit
1226 1652 1270 1693 et
1314 1649 1400 1693 fari
1437 1648 1628 1692 nescius.

231 1732 458 1787 Compara
492 1745 536 1787 p.
575 1728 622 1785 6,
659 1728 692 1776 6
739 1723 836 1771 α’λλῖ
867 1722 990 1781 ὅμως
1024 1725 1310 1776 Πολύευκτος
1339 1724 1480 1775 οὕτως
1509 1727 1629 1771 ἐστὶν

229 1805 435 1866 ἀνδρεῖος
470 1809 565 1852 κτλ.
625 1813 714 1858 Sed
751 1814 997 1870 Polyeucto
1036 1826 1129 1857 non
1167 1814 1314 1858 solum
1356 1813 1523 1868 ubique
1558 1813 1628 1856 fa-

228 1900 325 1939 cete
351 1895 524 1956 illudit,
560 1896 640 1938 sed
675 1899 1045 1950 argumentorum
1065 1896 1328 1938 dexteritate
1356 1898 1399 1937 et
1426 1895 1627 1949 pondere

227 1979 274 2021 in
311 1976 540 2033 angustias
572 1977 858 2033 compulsum
893 1977 1050 2032 affligit
1084 1976 1283 2020 fortiter:
1315 1976 1415 2019 vide
1451 1988 1494 2030 p.
1510 1970 1556 2029 7,
1580 1970 1626 2028 3,

227 2058 305 2113 qui
335 2069 416 2100 reo
454 2056 645 2110 deneget
676 2057 799 2113 quod
834 2058 881 2099 in
916 2069 1001 2100 suo
1035 2058 1142 2100 olim
1170 2056 1372 2111 periculo
1399 2056 1483 2098 sibi
1502 2067 1626 2099 sum—

227 2138 367 2193 pserit
402 2137 526 2192 ipse,
577 2141 621 2181 et
656 2133 706 2190 9,
742 2134 774 2182 9
810 2150 908 2193 sqq.
964 2134 1041 2191 17,
1078 2134 1140 2182 15
1176 2150 1297 2193 sqq.‚
1344 2137 1420 2180 ubi
1466 2137 1626 2180 dilem-

225 2226 397 2267 matum
432 2223 606 2277 laqueis
638 2223 781 2266 irretit
804 2226 848 2266 et
880 2225 1030 2279 captat
1059 2214 1395 2276 εὐστοχώτατα.
1455 2223 1624 2264 Rursus

225 2317 270 2361 p.
308 2298 355 2356 8,
392 2287 424 2347 8
463 2315 559 2358 sqq.
603 2303 952 2347 inconstantiam
993 2304 1189 2346 hominis
1225 2305 1269 2345 et
1303 2303 1531 2346 levitatem
1564 2303 1624 2346 ita

225 2385 393 2440 carpit,
430 2387 479 2427 ut
515 2395 612 2427 rem
650 2397 734 2428 acu
770 2387 948 2439 tangat;
984 2383 1200 2451 denique,
1238 2395 1329 2438 quo
1374 2396 1467 2427 non
1504 2386 1624 2429 extat

226 2471 438 2515 illustrius
475 2471 732 2526 exemplum
768 2464 1023 2522 sarcasmi,
1051 2482 1093 2524 p.
1128 2465 1175 2522 9,
1213 2463 1301 2512 17:
1333 2464 1374 2506 εἰ
1394 2460 1623 2518 μὲνοῖπέ-

228 2560 367 2600 φυγες
409 2541 499 2599 τήν
529 2541 730 2600 γραφήν,
775 2540 856 2587 οὐκ
897 2541 1311 2596 ἅνκατεψεύσατο
1357 2533 1494 2591 οὗτος
1536 2550 1622 2588 τοῦ

225 2606 369 2662 θεοῦ·
410 2614 576 2674 ’ἐπειδὴ
616 2616 662 2661 δὲ
704 2617 877 2674 συνέβη
910 2634 979 2662 σοι
1011 2612 1197 2667 ἁλῶναι,
1228 2610 1532 2667 Εὐξένιππον
1561 2616 1645 2672 δεῖ,

225 2698 538 2755 ἀπολωλέναι,
574 2698 617 2738 et
651 2696 767 2749 quae
802 2692 1079 2749 sequuntur,
1121 2694 1198 2736 ubi
1233 2694 1379 2737 subita
1415 2697 1459 2737 et
1495 2683 1622 2744 παραὶ

227 2761 508 2827 προέδοκιάν
535 2777 675 2820 villata
711 2776 1023 2820 venustissima
1061 2775 1319 2818 narratione
1364 2774 1420 2818 de
1464 2777 1620 2829 patera
