1795 3218
230 240 259 270 x
687 218 1198 269 PRAEFATIO.

233 353 383 396 mania
419 353 568 408 primo
604 353 839 396 obtulisset
874 352 1093 396 illustrem
1123 353 1302 405 librum,
1328 351 1477 396 minus
1505 364 1639 397 nnm-

231 434 365 477 matis
398 435 659 477 hominibus
695 433 963 478 destinatam
986 434 1230 478 editionem
1262 445 1484 490 pararem,
1521 447 1638 490 qnae

232 519 414 571 praeter
449 517 570 559 bona
607 515 821 570 principis
859 514 1070 559 editionis
1106 516 1242 559 etiam
1278 515 1515 571 peculiaris
1551 515 1639 558 ali-

233 597 340 653 quid
372 598 562 641 haberet
598 596 750 641 dotis?
822 597 969 641 Immo
1015 608 1109 640 non
1154 610 1237 653 per
1270 598 1478 643 inertiam
1512 597 1636 642 refu-

233 681 423 735 giendus
459 681 593 723 labor
627 680 868 723 videbatur
898 692 985 723 nec
1021 681 1404 733 committendum,
1437 683 1486 724 ut
1512 681 1638 724 clau-

233 767 294 809 sis
354 767 576 809 thesauris
641 765 906 808 incubarem
952 761 1045 803 τῶν
1082 759 1548 818 συμφιλολογούντων
1593 770 1637 810 et

233 839 632 900 συγχωρησάντων
667 846 935 891 incuriosus.
1007 844 1136 889 Adde
1172 844 1294 900 quod
1339 846 1523 891 iuvabat
1554 859 1636 903 pa-

235 940 421 983 rumper
452 941 480 971 a
515 931 839 971 consuetorum
873 927 1169 983 perpetuitate
1214 928 1466 972 studiorum
1501 940 1636 972 sevo-

236 1022 341 1054 care
377 1010 579 1054 animum
612 1012 657 1053 et
690 1009 907 1053 aliorsum
940 1021 1044 1052 cum
1074 1008 1220 1053 fructu
1254 1010 1502 1063 traducere,
1535 1023 1637 1056 cum

233 1092 502 1145 praesertim
538 1090 865 1145 percommode
901 1089 1161 1141 cecidisset,
1208 1092 1256 1132 ut
1291 1091 1349 1133 ab
1381 1093 1636 1135 oratoribus

237 1173 391 1216 Atticis
445 1184 602 1216 recens
648 1183 819 1215 essem:
868 1183 974 1214 nam
1022 1184 1104 1226 per
1143 1173 1401 1226 proximam
1443 1175 1637 1218 hiemem

236 1252 592 1295 Demosthenem
629 1252 910 1294 auditoribus
948 1252 1059 1294 meis
1102 1263 1434 1301 enarraveram.
1517 1253 1639 1305 Quid

238 1335 387 1377 verbis
431 1345 549 1388 opus
585 1334 684 1377 est‘l
737 1336 788 1376 nt
832 1333 1024 1385 vellem,
1063 1333 1214 1376 hercle
1264 1346 1355 1377 non
1402 1338 1638 1389 potueram

238 1416 369 1460 aliter
404 1414 587 1458 facere:
623 1414 686 1456 ita
718 1425 792 1456 me
829 1425 931 1456 mea
968 1412 1061 1457 fata
1084 1414 1335 1458 trahebant.
1406 1415 1525 1460 Nihil
1551 1415 1637 1470 igi-

236 1501 312 1541 tur
347 1496 649 1539 cunctandum
682 1499 804 1538 ratus
840 1496 1090 1538 statuebam
1128 1496 1249 1550 quod
1275 1497 1498 1550 reliquum
1523 1502 1640 1541 esset

237 1578 455 1621 feriarum
493 1576 540 1618 in
575 1576 696 1618 hunc
736 1575 938 1618 libellum
986 1576 1227 1620 insumere.
1277 1575 1349 1619 .1d
1386 1577 1638 1629 consilium,

241 1659 364 1714 quod
401 1669 494 1701 non
536 1657 763 1711 displicuit
810 1656 1105 1709 Babingtoni‚
1160 1658 1259 1700 viro
1305 1657 1636 1701 modestissimo

240 1743 309 1791 et,
347 1750 451 1781 cum
486 1737 597 1780 nihil
642 1736 683 1778 ei
720 1736 946 1791 antiquius
991 1737 1047 1779 sit
1095 1738 1304 1790 veritate,
1356 1724 1413 1782 ad
1459 1740 1647 1781 errores

239 1821 277 1863 si
325 1830 439 1873 quos
476 1817 707 1860 commisit
753 1817 1030 1860 abiiciendos
1075 1818 1384 1873 paratissimo,
1430 1818 1638 1862 effectum

181 1887 185 1891 ¹
240 1901 421 1945 habuit:
466 1899 745 1941 amatoribus
787 1902 1021 1941 oratorum
1068 1900 1316 1942 Atticorum
1360 1899 1636 1954 Hyper-ideas

240 1980 456 2036 reliquias
492 1990 606 2023 auro
643 1979 801 2021 contra
838 1978 1037 2022 cariores
1074 1978 1219 2023 offero
1265 1979 1344 2024 vili
1379 1980 1524 2036 pretio
1554 1993 1639 2036 pa-

241 2064 422 2107 rabiles·
486 2060 591 2103 Feci
629 2059 749 2114 quod
784 2061 831 2102 in
855 2060 941 2103 hac
962 2061 1179 2115 temporis
1201 2062 1420 2105 brevitate
1442 2085 1510 2093 —-—
1528 2070 1634 2106 nam

240 2145 374 2188 unius
410 2142 577 2185 mensis
600 2141 794 2196 spatiolo
820 2141 933 2184 haec
963 2141 1073 2185 mihi
1096 2143 1390 2186 constiterunt
1417 2165 1485 2174 —-
1507 2145 1639 2197 pote—

241 2228 313 2269 rat
330 2225 451 2267 fieri:
486 2223 690 2278 prompsi
724 2235 841 2276 quae
879 2224 949 2265 vel
987 2224 1170 2268 condita
1202 2227 1246 2275 et
1279 2224 1531 2278 composita
1552 2224 1634 2268 ha-

240 2307 408 2350 bebam
444 2305 516 2347 vel
553 2303 686 2346 facile
723 2315 990 2357 comparare
1026 2307 1258 2358 poteram:
1293 2305 1496 2359 plagulas
1533 2317 1637 2349 cor-

241 2390 416 2446 rigendi
469 2388 678 2433 laborem
740 2399 918 2431 mecum
977 2390 1187 2444 prompta
1245 2389 1475 2432 voluntate
1532 2396 1639 2444 par·—

243 2477 347 2519 titus
378 2477 444 2517 est
477 2470 589 2518 Lud.
613 2470 818 2532 Lanqius
837 2486 980 2526 meus,
1017 2477 1061 2518 et
1098 2486 1179 2530 per
1215 2486 1316 2518 eam
1353 2475 1637 2519 occasionem

243 2558 299 2600 de
336 2555 566 2599 nonnullis
601 2556 736 2598 rebus
772 2557 938 2600 utiliter
970 2568 1043 2600 me
1080 2557 1332 2601 admonuit.

345 2639 435 2683 Sed
468 2642 645 2693 tempus
676 2642 743 2681 est
779 2652 963 2683 narrare
985 2654 1102 2695 quae
1126 2642 1182 2684 de
1204 2641 1359 2683 codice
1382 2641 1639 2696 Hyperideo

244 2727 463 2770 lectorum
499 2725 685 2770 interest
719 2724 861 2777 scire;
898 2725 1059 2769 deinde
1090 2727 1147 2769 de
1182 2728 1364 2771 oratore
1398 2727 1498 2782 ipso
1534 2738 1641 2770 ora-
