1795 3218
714 237 1091 283 SCHOLIA.
1527 233 1595 283 49

207 358 341 408 hiberi
372 360 481 406 enim
512 358 676 403 solebat
705 359 786 402 dea
815 361 1001 416 serpenti
1031 373 1056 402 e
1087 363 1249 415 patera,
1279 371 1403 414 quam
1426 361 1592 404 sinistra

206 431 398 487 tenebat,
429 434 571 484 potum
603 428 799 484 offerens,
829 443 868 472 v.
898 430 1085 473 Muelleri
1115 429 1339 473 Archaeol.
1370 429 1469 486 394,
1494 429 1521 472 3
1552 436 1594 473 et

206 497 253 540 Ο.
285 498 643 553 sahmi-symboli.
674 510 713 552 p.
745 498 844 542 221.
918 500 1162 543 Pausaniam
1203 501 1241 553 1,
1287 498 1356 554 23,
1398 498 1424 540 4
1465 502 1594 542 attulit

204 568 429 624 Bahingto:
472 569 507 611 is
548 568 591 609 in
620 579 719 611 arce
758 568 859 611 vidit
902 564 1148 626 ἀγάλματα
1187 565 1387 623 ‘erae'ac
1430 584 1478 611 τε
1519 571 1592 614 καὶ

202 634 425 694 Ἀθηνοῗς
452 638 695 695 ἐπίκλησιν
726 638 801 683 καὶ
832 637 1007 695 ταύτης
1033 636 1250 694 ’Υγιείαςκ

279 707 362 764 210,
395 706 423 749 3
454 706 646 764 ταῦτα]
679 707 926 763 implicatam
966 707 1102 750 reddit
1143 707 1399 752 orationem:
1446 707 1593 766 τούτῳ

203 778 238 819 si
267 778 490 823 reddemus
518 779 691 834 oratori,
721 790 861 822 sermo
892 778 1024 822 facilis
1053 778 1157 832 fluit,
1184 773 1334 835 τούτῳ
1369 774 1594 835 ύπολαμ-

202 843 366 903 βάνειε
398 848 645 909 analagein»,
667 842 852 904 ἐφόδιον
873 849 1018 906 ἑαυτῷ
1044 847 1096 905 (h.
1109 861 1145 890 e.
1162 846 1325 906 σαυτῷ)
1339 843 1394 893 τὸ
1414 841 1594 906 Ὀλυμ-

203 913 369 968 πιοὲδος
402 915 553 973 ὄνομα
585 917 874 973 παραφέρων,

289 986 346 1028 ὁὸ.
390 984 653 1041 ἐφόδιον]
678 984 1006 1031 Demosthenem
1040 980 1156 1038 πρὸς
1185 984 1331 1039 doum..
1359 985 1416 1028 35
1437 998 1477 1039 p.
1508 986 1594 1029 917

207 1055 326 1098 affert
351 1055 581 1111 Babingiot
625 1051 783 1110 ἐπειδὴ
829 1053 876 1099 δὲ
922 1050 1052 1099 τοῦτ’
1089 1056 1137 1097 ἐκ
1169 1054 1351 1098 πολλῶν
1396 1053 1598 1111 ἤμελλεν

206 1120 619 1184 ἐξελεγχθήσεσθαι
659 1120 944 1179 ψευδόμενος
955 1155 969 1175 ,
1009 1152 1020 1163 -
1052 1152 1062 1163 ·
1096 1151 1106 1162 -
1149 1125 1404 1178 τηνικαῦτα
1450 1142 1597 1181 μετα-

204 1192 511 1253 βαλλόμενος
526 1192 794 1240 συνίσταται
822 1189 941 1249 μετά
973 1193 1059 1239 τοῦ
1090 1189 1345 1247 Λάμπιδος
1362 1194 1433 1239 καὶ
1461 1195 1599 1251 φησὶν

206 1265 360 1317 ἐκείνῳ
389 1262 442 1308 τὸ
472 1263 660 1324 χρυσίον
690 1257 1046 1314 ἄποδεδωκὲναι,
1085 1260 1270 1317 ἐφόδιον
1312 1264 1405 1318 μὲν
1441 1260 1599 1321 λαβών

205 1331 258 1380 «ιό
280 1331 364 1392 τὴν
396 1349 665 1392 συγγραφην
695 1329 914 1385 κελεύειν,
938 1328 1020 1376 οὐκ
1042 1327 1103 1376 ἂν
1121 1325 1163 1375 δ’
1183 1328 1443 1390 ἡγούμενος
1471 1331 1599 1390 ημᾶς

209 1400 410 1461 εὐπόρως
438 1402 657 1460 ἐξελέγξαι
688 1398 773 1447 ὅσα
800 1398 942 1457 μόνοι
973 1397 1088 1457 πρὸς
1119 1395 1289 1452 αὐτους
1323 1397 1455 1447 αὐτοὶ
1476 1399 1600 1458 πρά-

208 1477 350 1524 ξειαν.
378 1470 550 1526 Aptiora
569 1484 609 1513 v.
633 1470 740 1524 apud
757 1469 1119 1524 Wyttenbachium
1140 1469 1191 1511 ad
1214 1470 1317 1512 Plut.
1332 1470 1435 1513 Mor.
1451 1483 1491 1525 p.
1500 1471 1543 1527 8,
1555 1472 1596 1514 C

299 1540 445 1599 10‚.13
476 1542 555 1591 εις
577 1535 636 1585 τὸ
664 1535 976 1586 κοινὸντῶν
997 1536 1271 1598 Ἑλλήνων
1294 1541 1598 1600 συνέδριον]

208 1612 262 1655 de
293 1624 377 1668 quo
415 1625 439 1655 a
470 1610 652 1668 Philippo
683 1615 780 1666 post
815 1608 1103 1653 Chaeroneam
1144 1609 1328 1652 Corinthi
1375 1612 1598 1655 constituto

208 1682 379 1726 Diodor.
411 1682 491 1726 Sic.
512 1682 578 1737 16,
609 1681 680 1724 89.
742 1680 922 1725 Iustinus
953 1680 993 1737 9,
1015 1680 1055 1724 5.
1116 1680 1354 1723 Orationem
1381 1683 1600 1738 περὶτῶν

211 1746 325 1809 πρὸς
355 1747 502 1803 Ἀλέξ.
535 1757 671 1797 avve.
706 1750 759 1792 12
789 1763 828 1805 p.
860 1751 946 1793 215
978 1750 1163 1794 conferri
1201 1751 1315 1794 iubet
1347 1752 1495 1795 editor.

301 1821 368 1878 10,
398 1821 455 1864 24
498 1818 729 1875 ὡσπερεί
770 1836 852 1869 τις
894 1820 982 1865 καὶ
1012 1816 1174 1870 ἄλλος
1204 1820 1311 1864 τῶν
1340 1822 1597 1878 πολιτῶν]

209 1891 321 1934 Orat.
355 1891 457 1946 περὶ
490 1892 579 1934 τῶν
610 1884 724 1946 πρὸς
752 1883 901 1940 Ἀλέξ.
943 1893 1082 1933 συνθ.
1129 1888 1157 1930 6
1197 1901 1237 1944 p.
1268 1888 1355 1932 213
1404 1893 1601 1947 προσγέ-

206 1978 410 2020 γραπται
442 1959 669 2017 πολὲμιον
700 1958 818 2004 εἶναι
857 1953 940 2002 ‘cdv
979 1960 1127 2003 ἐκεῖνα
1170 1957 1315 2017 οἵπερ
1343 1958 1600 2013 Ἀλέξαν-

210 2032 331 2088 δρος
374 2029 622 2076 ποιοῦντα.
696 2028 821 2084 Soph.
864 2026 929 2070 Ai.
975 2027 1059 2069 525
1104 2028 1253 2080 Αἴας,
1299 2034 1420 2089 ἔχειν
1460 2025 1498 2074 σ’
1539 2027 1599 2074 ἂν

210 2100 363 2145 οἶκτον
394 2093 453 2147 ὥς
477 2092 596 2153 κᾶγώ
628 2098 758 2154 φρενὶ
795 2097 983 2154 Θέλοιμ’
1014 2094 1101 2149 ἄν,
1141 2097 1234 2140 coll.
1266 2096 1384 2140 Held.
1417 2098 1468 2141 ad
1498 2098 1598 2141 Plut.

207 2169 349 2213 Timol.
378 2181 419 2223 p.
436 2166 535 2210 400.
598 2165 817 2209 Contraria
850 2166 1038 2221 exempla
1067 2178 1190 2208 casus
1222 2168 1452 2223 assimilati,
1489 2182 1599 2223 quae

209 2239 339 2291 multo
358 2237 644 2294 frequentiora
669 2241 777 2293 sunt,
798 2249 837 2279 v.
854 2235 962 2293 apud
974 2234 1157 2279 Lobeck.
1177 2242 1272 2292 post
1284 2237 1485 2295 Phryn.p.
1500 2239 1598 2282 755.

301 2316 369 2373 11,
409 2317 437 2359 7
477 2312 540 2362 τοὶ
587 2315 781 2361 παιδία
826 2314 889 2360 τοὶ
940 2319 993 2361 ἐκ
1038 2317 1141 2360 τῶν
1193 2316 1598 2374 διδασκαλείων]

210 2386 426 2441 Odysseae
456 2388 505 2439 C,
543 2383 631 2427 300
675 2387 771 2443 ῥεῖα
812 2380 855 2427 δ’
885 2378 1093 2440 ἀρίγνωτ’
1133 2384 1227 2428 ἐστὶ
1272 2386 1344 2429 καὶ
1388 2381 1446 2430 ἄν
1487 2381 1600 2435 πάϊς

207 2454 429 2513 ἦγνσαιτο
462 2452 667 2510 Νὴπιος.

300 2524 368 2581 11,
406 2523 459 2567 21
505 2519 664 2578 ’Υμιν
713 2515 1022 2575 Ὀλυμπιας
1067 2519 1210 2576 κτλ.]
1258 2518 1311 2561 de
1360 2519 1423 2563 his
1470 2522 1599 2564 rebus

211 2594 376 2638 aliunde
406 2595 528 2649 plane
558 2604 644 2635 non
671 2596 860 2646 constat,
892 2603 972 2633 neo
1003 2591 1055 2633 de
1088 2590 1350 2633 orationibus
1380 2591 1598 2647 Hyperidis

210 2677 352 2710 coram
380 2663 536 2720 populo
567 2664 609 2706 in
637 2661 715 2705 hac
746 2673 896 2704 caussa
925 2661 1087 2706 habitis.

302 2738 370 2797 12,
402 2737 424 2781 1
470 2738 562 2795 τῆς
595 2735 818 2793 Διώνης]
850 2727 998 2781 Strabo
1024 2738 1065 2794 7,
1091 2736 1177 2779 329
1210 2738 1305 2780 κατ’
1338 2731 1480 2795 α’ρχᾶς
1511 2733 1598 2783 ἄν·

1181 2816 1208 2856 7
