1795 3218
228 240 305 271 xiv
629 229 1140 276 PRAEFATIO.

226 366 425 408 numque
462 356 662 410 parilitas
709 369 811 400 eam
858 358 947 400 vim
984 359 1164 411 habuit,
1213 357 1399 413 opinor,
1447 362 1495 402 ut
1543 360 1620 415 qui

224 437 499 492 Hyperideas
531 438 761 481 orationes
786 438 1104 493 disposuerunt
1126 439 1493 495 grammatici—
1518 440 1621 485 Cal-

226 520 445 562 limachus
483 523 590 574 puta
639 520 1056 575 Aristophanesque
1100 524 1248 577 etqui
1282 523 1330 565 in
1365 522 1497 565 simili
1526 525 1621 564 stu—

223 601 301 644 dio
326 603 676 644 elaboraverunt
708 601 974 657 Pergameni
1011 596 1379 655 πινακογράφοιε
1410 614 1516 647 nam
1541 602 1619 645 Di-

223 682 409 736 dymum
447 683 804 726 Alexandrinum
837 686 880 726 et
907 684 1085 726 Aelium
1114 685 1518 739 Harpocrationem
1542 696 1621 728 co-

226 763 313 806 dex
351 767 497 807 aetate
535 763 725 806 videtur·
747 764 883 817 longe
916 775 1134 818 superare
1170 789 1238 796 —-
1270 766 1334 808 illi
1370 766 1505 819 igitur
1536 766 1619 809 ha-

223 856 322 888 rum
370 845 542 888 nollent
588 844 825 887 discidium
877 845 976 888 fieri
1014 846 1305 901 prioremque
1356 847 1506 889 locum
1543 858 1617 889 as·—

223 927 452 980 signarent
488 927 553 978 ei,
590 938 728 980 quam
761 930 865 969 ante
901 926 1241 982 Euxenippeam
1285 928 1484 971 habitam
1521 938 1619 970 esse

223 1009 355 1051 certis
392 1010 568 1062 poterat
598 1007 774 1050 indiciis
808 1007 1035 1060 cognosci.

328 1144 440 1191 Cum
477 1152 628 1192 autem
666 1150 818 1204 plures
865 1160 1053 1192 caussae
1099 1148 1213 1201 sint,
1263 1160 1343 1191 cur
1393 1148 1523 1191 nobis
1564 1147 1619 1190 de

224 1231 504 1286 recuperatis·
536 1231 603 1272 his
636 1231 917 1273 orationibus
946 1228 1237 1283 gratulemur,
1261 1234 1353 1272 tum
1377 1229 1484 1271 illud
1509 1229 1617 1271 mihi

222 1311 536 1365 gravissimum
561 1311 701 1354 videri
733 1313 872 1364 solet,
909 1312 1031 1366 quod
1060 1310 1295 1365 Hyperidis
1318 1310 1618 1353 oratoriarum

223 1393 437 1434 virtutum
470 1404 497 1434 a
534 1392 758 1434 veteribus
796 1392 1123 1434 celebratarum
1160 1391 1342 1433 tandem
1375 1391 1618 1445 aliquando

222 1474 461 1516 certiorem
493 1473 718 1527 quandam
764 1473 962 1528 speciem
1008 1474 1161 1516 animo
1212 1473 1459 1516 informare
1504 1473 1619 1525 licet,

221 1555 435 1609 quoniam
473 1555 518 1597 in
551 1567 641 1597 una
671 1557 791 1597 certe
815 1556 1036 1606 oratione,
1061 1566 1176 1609 quae
1203 1554 1376 1608 integra
1402 1557 1482 1607 est,
1508 1565 1619 1597 ocu-

221 1636 274 1677 lis
313 1635 552 1677 cernimus,
632 1635 746 1678 Nam
783 1636 1000 1677 orationis
1037 1635 1303 1689 Harpalicae
1341 1629 1539 1682 λείψανα
1571 1638 1620 1676 ut

222 1716 473 1758 excitarunt
506 1716 648 1768 magis
683 1728 816 1769 quam
854 1717 1077 1758 lenierunt
1104 1715 1400 1766 desiderium,
1435 1715 1496 1757 ita
1526 1727 1617 1757 non

222 1797 328 1840 satis
363 1797 419 1841 ad
456 1797 778 1853 proprietatem
808 1797 1002 1841 oratoris
1037 1796 1372 1853 percipiendam
1396 1787 1617 1839 valebant.

223 1882 319 1924 Hoc
350 1883 484 1935 igitur
516 1893 716 1935 agamus.

321 2001 446 2053 Quas
488 2004 668 2044 'veteres
718 2001 875 2044 arbitri
924 2002 1160 2056 primarias
1209 2002 1466 2056 praedicant
1511 2016 1619 2057 pro-

223 2081 432 2134 prietates
470 2082 689 2124 orationis
724 2081 1028 2135 Hyperideae‚
1073 2094 1230 2124 earum
1274 2083 1499 2125 luculenta
1535 2083 1618 2126 do-

223 2167 430 2205 cumenta
466 2163 678 2205 exhibent
714 2164 786 2205 vel
822 2164 909 2206 hae
945 2164 1269 2215 oratiunculae,
1298 2176 1391 2206 nou
1414 2165 1619 2217 profecto

222 2243 327 2285 illae
365 2255 422 2285 ex
455 2244 579 2286 omni
615 2244 746 2298 copia
779 2245 972 2287 selectae
1009 2258 1111 2287 cum
1148 2244 1299 2287 subtili
1335 2243 1514 2296 iudicio,
1539 2244 1618 2286 sed

223 2324 372 2378 prouti
409 2324 503 2367 fors
536 2325 635 2367 tulit
670 2328 889 2368 servatae.
961 2326 1105 2368 Immo
1143 2337 1266 2376 vero,
1301 2327 1348 2367 ut
1384 2337 1475 2367 non
1506 2337 1619 2379 pau-

222 2417 302 2447 cae
339 2418 397 2449 ex
434 2406 487 2449 iis
526 2418 643 2460 quae
682 2405 1003 2449 interciderunt
1039 2407 1318 2450 orationibus
1354 2407 1489 2460 longe
1520 2418 1618 2448 am-

225 2485 390 2538 pliores
434 2486 600 2527 fuerint
641 2490 684 2528 et
728 2488 1083 2540 artificiosiores‚
1133 2488 1323 2530 fortasse
1362 2498 1455 2528 non
1499 2488 1615 2530 male

224 2571 372 2607 actum
409 2568 475 2607 est
511 2578 611 2608 cum
649 2567 886 2620 Hyperide,
937 2568 1056 2622 quod
1103 2581 1160 2611 ex
1208 2569 1295 2610 hoc
1336 2567 1615 2621 potissimum

224 2657 372 2701 ungue
410 2648 611 2689 tenemus
650 2646 841 2690 leonem.
921 2648 1015 2693 Hae
1052 2649 1177 2703 ipsae
1221 2647 1340 2690 enim
1386 2648 1614 2691 orationes

227 2732 271 2769 ut
306 2731 411 2771 sunt
460 2729 515 2770 de
563 2729 756 2771 tenuiori
805 2739 994 2782 genere,
1043 2730 1103 2772 ita
1152 2728 1207 2772 ad
1254 2727 1614 2782 cognoscendam
