1795 3218
265 257 343 287 xvl
712 244 1226 289 PRAEFATIO.

264 370 483 414 orationis
509 372 655 426 ipsum
680 371 917 414 exordium
942 372 1091 424 habet,
1115 383 1142 414 a
1165 370 1406 427 supercilio
1430 374 1474 415 et
1495 366 1665 421 σεμνό-

262 462 366 503 τητι
394 452 712 495 Demosthenis
748 453 862 495 mire
897 451 1196 495 recedentem.
1269 451 1379 496 Vide
1415 452 1525 495 mihi
1560 467 1602 507 p.
1618 452 1664 505 4,

263 527 293 575 2
333 544 430 587 sqq.
449 565 461 585 ‚
507 533 583 575 ubi
633 537 790 576 orator
832 534 1131 576 temeritatem
1162 528 1252 571 ’τῶν
1283 524 1664 585 εἰσαγγελλόνῑιων

261 614 496 667 exagitans
532 616 745 669 exempla
767 616 934 671 promit
956 616 1192 659 hominum
1217 618 1308 658 tam
1334 615 1460 670 gravi
1486 615 1662 659 actione

260 711 341 754 per
378 699 604 743 levitatem
640 701 906 755 petitorum:
940 694 1185 753 Διογνίδης
1213 697 1305 752 μὲν
1333 694 1410 740 καὶ
1432 694 1662 742 -Ἀντίδω-

264 791 340 830 ρος
372 771 686 830 ὅμέτοικος
717 776 1090 831 εἰσαγγέλλονται
1120 771 1179 823 ὥς
1209 775 1405 824 πλέονος
1422 776 1661 831 μισθοῦν·

260 860 335 893 ἰες
365 839 450 893 τοὶς
483 841 758 900 αὐλητρίδας
795 841 825 900 ἢ
856 842 880 889 ὁ
912 843 1059 898 νόμος
1089 838 1261 888 κελεύει
1294 875 1305 887 .
1338 872 1349 883 .
1384 873 1395 884 .
1428 872 1471 895 .,
1515 839 1663 896 Εὐξέ-

261 928 437 962 νιππος
468 909 511 956 δ’
542 911 662 970 ὑπὲρ
706 914 796 958 τῶν
843 915 1074 958 ἐνυπνίων
1112 905 1176 958 ὧν
1223 928 1362 969 φησιν
1402 913 1663 970 ἑωρακέναι,

259 988 304 1030 h.
331 999 370 1030 e.
389 991 574 1042 propter
597 989 777 1032 somnia
799 986 1030 1032 ementita.
1101 987 1151 1032 ld
1177 988 1324 1043 ipsum
1345 991 1509 1040 autem,
1539 988 1660 1042 quod

259 1080 488 1111 summum
525 1073 605 1119 est,
642 1069 802 1112 callide
838 1069 965 1119 silet,
995 1072 1042 1111 ut
1078 1069 1325 1113 adversarii
1360 1069 1550 1124 ineptias
1582 1072 1662 1112 At-

257 1150 348 1191 tico
384 1150 479 1192 sale
511 1150 737 1204 perfricet.
826 1150 1020 1192 Prorsus
1064 1150 1270 1193 similiter
1310 1150 1435 1193 illum
1471 1150 1662 1194 traducit

261 1243 304 1285 p.
324 1225 371 1283 7,
396 1224 486 1274 18:
522 1220 806 1282 Εὐξενίππῳ
833 1222 876 1269 δ’
910 1221 996 1268 ὅτι
1029 1222 1207 1281 ἰδιώτης
1237 1226 1326 1269 ἐστὶ
1356 1222 1660 1283 anino-5013&-

258 1321 412 1361 τερος,
443 1300 551 1349 οὐδὲ
581 1300 691 1353 τούς
724 1305 887 1360 φίλους
918 1302 1116 1354 καὶτοὺς
1133 1302 1329 1356 οἰκείους
1355 1308 1526 1356 ἔξεσται
1540 1307 1659 1362 βοη-

260 1381 393 1426 θεῖν,
433 1381 661 1442 ιὼίνουω
705 1392 778 1424 res
828 1380 927 1436 ipsa
962 1394 1056 1425 non
1090 1384 1181 1424 tam
1217 1372 1288 1421 ὅτι
1321 1393 1455 1435 quam
1498 1375 1660 1430 καίπερ

261 1463 538 1517 requireret,
588 1453 660 1501 ὅτι
700 1464 911 1518 praetulit
946 1463 1004 1506 ad
1049 1463 1389 1518 perversitatem
1430 1462 1660 1517 Polyeucti

260 1542 585 1597 castigandam,
618 1544 748 1598 quasi
785 1545 845 1587 ob
871 1544 917 1587 id
948 1545 1094 1599 ipsum
1129 1543 1443 1587 defensoribus
1470 1544 1545 1586 ille
1581 1555 1659 1603 or-

260 1626 370 1667 bare
400 1625 508 1667 velit
542 1636 697 1677 reum,
738 1622 863 1683 quod
897 1625 934 1667 is
971 1624 1125 1667 senior
1158 1624 1214 1667 sit
1255 1627 1299 1667 et
1344 1624 1429 1667 fari
1466 1623 1657 1666 nescius.

259 1707 487 1763 Compara
523 1720 566 1762 p.
605 1703 653 1760 6,
690 1703 722 1750 6
769 1697 866 1746 ἀλλ’
897 1697 1020 1756 ὅμως
1054 1699 1339 1751 Πολύευκτος
1368 1698 1509 1749 οὕτως
1538 1701 1658 1745 ἐστὶν

257 1781 464 1841 ἀνδρεῖος
499 1784 594 1828 κτλ.
655 1788 743 1833 Sed
780 1790 1026 1844 Polyeucto
1066 1801 1158 1832 non
1196 1789 1344 1832 solum
1385 1788 1552 1842 ubique
1587 1787 1657 1830 fa-

257 1876 354 1915 cete
380 1870 553 1923 illudit,
589 1871 669 1913 sed
704 1874 1073 1926 argumentorum
1094 1871 1358 1913 dexteritate
1385 1873 1429 1912 et
1455 1869 1657 1924 pondere

257 1955 303 1995 in
341 1951 570 2005 angustias
603 1953 888 2006 compulsum
923 1952 1079 2005 affligit
1114 1951 1312 1993 fortiter:
1345 1950 1445 1992 vide
1480 1962 1523 2004 p.
1539 1944 1585 2002 7,
1609 1944 1656 2001 3,

256 2032 333 2088 qui
364 2042 446 2075 reo
483 2030 675 2085 deneget
706 2030 829 2086 quod
864 2031 911 2073 in
946 2043 1031 2074 suo
1065 2031 1172 2074 olim
1200 2030 1401 2085 periculo
1428 2029 1512 2072 sibi
1532 2041 1656 2073 sum-

256 2113 395 2168 pserit
430 2112 554 2166 ipse,
606 2115 650 2155 et
685 2107 734 2165 9,
771 2108 803 2156 9
839 2124 937 2168 sqq.
993 2108 1070 2165 17,
1107 2108 1169 2156 15
1204 2124 1326 2167 sqq.,
1373 2110 1450 2154 ubi
1495 2111 1655 2154 dilem—

254 2202 427 2242 matum
461 2199 635 2252 laqueis
667 2198 811 2242 irretit
834 2201 878 2241 et
909 2200 1059 2254 captat
1089 2189 1424 2251 εὖοτοχώτατα.
1485 2197 1654 2239 Rursus

255 2294 300 2336 p.
338 2274 385 2331 8,
422 2262 454 2322 8
493 2290 589 2333 sqq.
633 2279 981 2321 inconstantiam
1022 2279 1218 2321 hominis
1255 2280 1299 2320 et
1333 2263 1560 2321 levitatem
1594 2278 1654 2321 ita

254 2361 423 2415 carpit,
460 2362 509 2402 ut
545 2370 642 2402 rem
680 2371 764 2403 acu
800 2362 978 2414 tangat;
1014 2358 1229 2426 denique,
1267 2370 1358 2413 quo
1403 2370 1496 2402 non
1533 2360 1654 2404 extat

256 2446 468 2490 illustrius
505 2446 762 2500 exemplum
798 2444 1044 2496 sarcasmi,
1080 2456 1123 2498 p.
1157 2440 1204 2496 9,
1242 2437 1330 2486 17:
1362 2439 1403 2480 εἰ
1423 2434 1653 2509 μὲνοῖπὲ·

259 2536 397 2586 φυγες
440 2515 529 2574 τήν
559 2516 759 2576 γραφήν,
805 2515 886 2563 οὐκ
927 2516 987 2563 ἄν
1022 2516 1341 2571 κατεψεύσατο
1387 2508 1523 2566 οὗτος
1549 2518 1651 2563 ’τοῦ

255 2594 399 2637 θεοῦ·
442 2590 606 2648 ἐπειδὴ
646 2592 692 2636 δὲ
733 2590 907 2649 συνέβη
939 2590 1008 2637 σοι
1041 2587 1227 2642 divinem,
1257 2585 1561 2642 Εὐξένιππον
1590 2591 1676 2647 δεῖ,

255 2674 568 2730 ἀπολωλέναι,
604 2673 648 2713 et
682 2681 798 2724 quae
833 2667 1109 2725 sequuntur,
1151 2669 1228 2712 ubi
1262 2669 1409 2713 subita
1445 2672 1489 2713 et
1512 2658 1652 2720 παραὶ

257 2746 539 2805 προςδοκίαν
566 2753 706 2796 villata
742 2753 1053 2796 venustissima
1091 2742 1348 2795 narratione
1394 2750 1450 2794 de
1494 2753 1650 2806 patera
