1795 3218
671 196 1185 241 PRAEFATIO.
1561 208 1619 238 xv

227 324 461 379 Hyperidis
497 327 639 367 artem
677 324 809 379 plane
845 325 1135 379 comparatae
1182 323 1415 377 factaeque
1458 322 1616 365 viden-

226 408 311 450 tur.-
380 406 555 450 Etenim
589 403 868 458 Quintiliano
903 407 1015 449 teste
1048 400 1118 458 X,
1160 401 1212 457 l,
1249 399 1316 448 77
1352 401 1498 449 dulcis
1532 403 1616 448 in-

222 488 384 549 primis
417 490 463 532 et
493 489 657 532 acutus
691 483 978 546 Hyperides,
1034 485 1120 531 sed
1152 482 1401 530 minoribus
1437 486 1615 531 caussis

224 573 274 615 ut
307 581 399 614 non
435 567 632 614 demerim
659 566 841 627 utilior,
884 568 1032 628 maqt‘s·
1073 581 1181 629 par.
1264 569 1376 612 lllud
1426 581 1615 613 acumen

224 651 270 692 in
306 649 556 704 Hyperide,
593 650 792 704 facetias,
823 651 1043 705 argutias,
1074 650 1372 693 urbanitatem
1411 662 1503 693 uno
1535 664 1615 694 ore

223 733 384 776 tollunt
418 733 623 776 laudibus
660 731 821 776 Graeci
851 732 1086 787 Latinique
1122 732 1338 787 magistri.
1410 731 1484 775 Sic
1503 731 1615 776 Dio-

221 816 372 869 nysius
408 816 464 859 de
496 819 600 859 vett.
635 829 743 860 scrr.
781 827 901 859 cens.
937 828 980 870 p.
1007 809 1108 859 434
1134 816 1240 859 Rsk.
1310 805 1371 853 Ὁ
1400 807 1613 867 ‘Tmou'-

221 890 301 946 δης
331 888 551 950 εὔστοχος
580 893 694 945 μὲν,
726 888 927 933 σπάνιον
959 885 1003 931 δ’
1037 885 1299 944 αὐξητικός·
1333 890 1406 934 καὶ
1437 893 1494 948 τῇ
1523 895 1615 947 μὲν

221 960 302 1013 τῆς
327 954 529 1014 φράσεως
559 959 815 1014 κατασκευῇ
833 957 1057 1003 Λυσίαν
1086 954 1431 1016 ύπερῃρκώς,
1462 960 1528 1017 τῇ
1561 960 1616 1004 δὲ

221 1028 317 1081 τῆς
346 1027 630 1083 εἰρωνείας
669 1027 990 1085 πανουργίᾳ
1037 1024 1291 1076 πάντας.
1336 1032 1402 1073 ἔτι
1445 1029 1492 1075 δὲ
1527 1033 1615 1074 τού

223 1097 498 1154 κρινομένου
532 1091 787 1146 διαπαντὸς
822 1099 971 1155 ἔχεται
1014 1098 1087 1141 καὶ
1129 1106 1225 1145 ταῖς
1267 1093 1489 1153 α’νάγκαις
1528 1101 1613 1143 τοῦ

223 1161 498 1222 πράγματος
527 1167 762 1222 ἐμπέφυκε
794 1166 866 1210 καὶ
898 1165 1072 1210 συνέσει
1114 1167 1263 1225 πολλῇ
1300 1164 1616 1225 κεχορήγηται.

221 1234 307 1278 καὶ
338 1234 578 1294 χάριτος
605 1231 813 1292 μεστὸς
841 1235 1014 1280 ἐστίν·
1058 1235 1141 1280 καὶ
1188 1234 1363 1280 δοκῶν
1395 1230 1616 1289 οἷπλοῦς

221 1300 315 1350 οὐκ
369 1302 730 1363 ἀπήλλακται
779 1302 1132 1362 δεινότητος.
1185 1303 1352 1350 τούτου
1396 1308 1615 1362 ζηλωτέον

221 1370 425 1430 μάλιστα
457 1374 547 1418 τῶν
579 1369 826 1433 διηγήσεων
847 1371 899 1419 vd
927 1370 1100 1419 λεπτὸν
1131 1375 1204 1420 καὶ
1237 1371 1519 1432 σύμμετρον,
1549 1381 1615 1421 ἔτι

220 1443 267 1487 δὲ
300 1444 372 1488 καὶ
413 1442 496 1493 τοὶς
526 1437 740 1500 ἐφόδους,
785 1443 857 1493 αἷς
899 1445 974 1488 ἐπὶ
1021 1440 1079 1488 τοὶ
1120 1441 1378 1502 πράγματα
1419 1446 1613 1501 βαδίζει.

218 1518 392 1563 Eodem
423 1519 569 1563 iudice
592 1531 635 1574 p.
661 1513 761 1563 643
798 1511 855 1559 τά
886 1515 1079 1570 μέγιστα
1111 1512 1204 1557 ἴδια
1239 1520 1475 1576 Hyperidis
1510 1526 1613 1566 sunt

218 1597 301 1651 τῆς
329 1597 420 1651 μὲν
446 1596 600 1646 λέξεως
613 1592 665 1639 vd
684 1592 884 1653 ἰσχυρόν,
908 1597 987 1651 τῆς
1003 1595 1052 1639 δὲ
1067 1594 1323 1644 συνθέσεως
1339 1592 1392 1640 τὸ
1416 1594 1565 1641 ἄπλοι·
1569 1614 1613 1648 ν,

217 1668 307 1708 τῶν
337 1665 384 1711 δὲ
417 1665 703 1722 πραγμάτων
735 1665 785 1710 τὸ
818 1664 1047 1721 εὔκαιρον,
1076 1666 1156 1721 τῆς
1186 1665 1233 1710 δὲ
1264 1669 1542 1723 κατασκευῆς
1560 1667 1611 1711 ‘10'

215 1731 285 1791 μὴ
316 1731 532 1792 τραγικὸν
558 1735 676 1791 μηδὲ
706 1731 909 1792 ὀγκῶδες.
969 1740 1204 1783 Postremo
1240 1741 1506 1786 sublimiora
1541 1743 1610 1786 lo-

218 1815 323 1856 cuto
359 1811 579 1865 Dionysio
613 1811 818 1866 Longino
851 1806 953 1862 περὶ
979 1802 1127 1860 ὕψους
1159 1805 1225 1854 34
1256 1824 1298 1866 p.
1325 1805 1427 1856 284
1463 1812 1608 1868 Spen-

217 1894 302 1947 gel.
326 1891 572 1948 Hyperides
608 1883 816 1944 ὕπακρος
834 1890 883 1931 ἐν
908 1887 1052 1932 πᾶσιν
1085 1895 1177 1943 est,
1203 1891 1281 1934 sed
1309 1895 1359 1935 ut
1378 1893 1609 1949 aliquanto

217 1971 367 2010 tamen
419 1966 657 2009 intervallo
706 1979 735 2011 a
781 1966 1032 2022 principatu
1093 1967 1407 2010 Demosthenis
1453 1969 1607 2019 distet;

215 2047 335 2090 unde
392 2047 505 2089 haec
557 2047 730 2091 delibo:
795 2039 1005 2097 οἶφατοι
1058 2042 1182 2097 περὶ
1238 2040 1415 2087 αὐτόν
1465 2046 1607 2089 εἰσιν

214 2108 545 2164 οἷστεῖσμοί,
573 2105 756 2166 μυκτὴρ
772 2106 1378 2165 πολιτικώτατος,εὕγένεια,
1409 2107 1460 2155 τὸ
1491 2111 1607 2157 aava}

213 2175 297 2227 τας
326 2177 556 2234 εἰρωνείας
598 2172 952 2233 εὖπάλαιστρον,
998 2176 1256 2233 σκώμματα
1298 2174 1382 2223 οὐκ
1424 2177 1605 2237 ἄμουσα

216 2244 465 2302 διασυρμός
492 2264 540 2291 τε
572 2245 792 2299 ἐπιδέξιος
820 2246 895 2291 καὶ
928 2242 1050 2291 πολύ
1078 2242 1132 2291 τὸ
1164 2243 1364 2303 κωμικὸν
1383 2250 1456 2293 καὶ
1486 2247 1605 2306 μετοὶ

213 2315 401 2364 παιδιᾶς
427 2312 644 2375 εὖστόχου
689 2317 894 2372 κέντρον,
936 2312 1179 2373 ἀμίμητον
1218 2316 1267 2360 δὲ
1297 2321 1444 2361 εἰπεῖν
1475 2314 1527 2362 vd
1556 2323 1604 2364 ἐν

213 2387 330 2430 πᾶσι
362 2381 550 2434 τούτοις
579 2383 905 2441 ἐπαφρόδιτον.

314 2460 392 2503 His
429 2460 510 2503 etsi
543 2460 738 2502 lecturos
773 2459 881 2502 satis
916 2458 1112 2502 monitos
1143 2459 1427 2516 arbitramur,
1464 2475 1603 2518 quor-

210 2550 309 2582 sum
345 2542 543 2585 maxime
576 2544 771 2585 mentem
815 2540 1045 2584 attendere
1092 2545 1324 2596 oporteat,
1373 2540 1603 2596 εἰρωνείας

209 2623 360 2664 tamen
390 2623 435 2664 et
468 2621 731 2668 facetiarum
762 2624 806 2666 et
840 2633 942 2666 cum
978 2623 1138 2667 aculeo
1181 2622 1404 2669 dictorum
1442 2636 1601 2669 recen-
1632 2670 1634 2672 ,

210 2714 310 2744 sum
346 2703 541 2757 aliquem
571 2717 705 2760 agere
733 2706 915 2749 iuvabit.
988 2705 1246 2748 lrrisionem
1278 2707 1412 2759 igitur
1436 2708 1600 2762 prioris
