1795 3218
714 200 1099 252 S4G‘HOL1A.
1530 194 1598 242 67

201 322 368 377 pendes
388 335 534 371 ,seems
553 327 595 365 to
609 331 739 373 >mean
761 322 847 366 that
868 322 1130 366 Theoclistus
1155 319 1371 365 furnished
1389 317 1599 363 Ariston’s

202 392 341 440 slaves
369 392 468 436 witb
501 391 627 447 leod,
657 392 747 435 andr
769 392 867 446 kept
886 393 998 437 them
1021 394 1064 436 in
1089 391 1309 435 readiness
1326 389 1409 432 like
1434 402 1458 431 a
1488 389 1599 433 band

202 463 250 507 ol'
273 465 451 520 pirates,
487 462 553 514 for
575 473 664 522 ‘any
693 463 859 511 service
899 462 987 506 that
1029 462 1161 518 might
1199 462 1253 504 be
1291 460 1502 516 required.
1565 459 1603 502 Π

199 535 422 590 Dionysius
454 532 535 576 and
566 537 639 575 not
669 533 929 577 Theoctistus
959 533 1127 576 himself
1159 544 1249 574 was
1290 531 1361 572 the
1401 531 1597 571 nomina-

200 604 287 647 tive
317 609 360 647 to
386 603 509 662 εἶχεν
530 602 580 646 *in
609 602 691 644 line
724 601 765 658 2,
795 614 863 645 we
894 607 1003 645 must
1032 614 1240 658 suppose,
1278 599 1367 644 that
1395 599 1595 643 Theocti-

201 678 291 717 stus
327 672 384 715 let
413 671 652 721 theslaves
683 676 725 714 to
757 671 839 714 him
868 677 911 714 at
941 684 965 713 a
994 672 1156 727 profitst
1232 670 1442 720 Aliorsum
1488 670 1598 712 ducit

201 743 395 789 articulus
450 751 573 794 τοῖς
616 743 817 801 λῃσταῖς.
896 742 993 785 Mihi
1035 737 1332 798 ἐπισιτισμὸν
1380 741 1597 799 παρέχειν

200 814 499 858 Theomnestus
529 815 610 856 dici
640 814 803 857 videtur
831 827 915 856 non
946 815 1081 858 servis
1110 828 1135 857 a
1165 827 1213 858 se
1241 814 1411 869 emptis,
1449 813 1526 856 sed
1556 813 1595 854 ei

200 882 275 942 qui
292 873 294 876 ’
314 885 566 941 coi-rogabat
601 885 841 940 pecuniam,
882 883 1081 927 Aristoni.
1159 884 1319 940 Nempe
1358 883 1596 938 praedones

200 960 285 998 tum
318 956 373 998 ita
402 955 597 1006 videntur
623 954 831 1008 tenuisse,
862 959 907 995 ut
937 952 1230 1008 ἐπισιτισμὸν
1276 955 1320 995 in
1358 954 1448 995 dies
1480 953 1596 995 acci-

199 1029 350 1078 perent
379 1024 522 1079 abiis,
554 1035 730 1078 quorum
759 1023 802 1065 iu
832 1023 1075 1071 servitutem
1105 1022 1297 1066 homines
1325 1036 1349 1065 a
1377 1035 1426 1066 se
1455 1028 1599 1078 captos

199 1092 476 1151 tradidissent.
536 1092 611 1146 Ita*
630 1092 963 1148 'Theomnestus‚
1004 1094 1040 1136 si
1078 1093 1177 1148 quid
1218 1093 1366 1149 video,
1412 1092 1598 1137 Aristoni

201 1162 387 1218 quotidie
441 1163 671 1219 praebebat
721 1163 888 1207 obolum
927 1164 969 1206 in
1017 1164 1204 1220 singulos
1248 1175 1421 1220 servos,
1466 1169 1513 1206 ut
1554 1166 1596 1207 οἱ

200 1229 561 1288 ἀνδραὲιοδισταὶ
604 1242 696 1281 τοῖς
736 1236 925 1291 λῃσταῖς
964 1232 1276 1291 ἐπισιτισμόν.
1346 1233 1602 1277 Βαυάεὺίῐυτ,

200 1303 269 1357 qui
299 1302 405 1355 hae-c
435 1304 596 1355 rectius¹
624 1309 819 1360 enarrata
846 1303 970 1347 dabit.
1034 1303 1231 1346 Ceterum
1263 1304 1317 1346 de
1348 1305 1482 1349 servis
1499 1305 1595 1347 usui

200 1371 369 1414 aliorum
399 1372 547 1415 locatis
576 1385 616 1415 v.
647 1372 827 1415 Boeckh.
858 1386 1008 1416 oecon.
1038 1372 1162 1416 Attic.
1192 1373 1222 1428 1,
1255 1372 1334 1417 101
1369 1386 1432 1428 sq.

288 1440 358 1495 23,
389 1440 447 1483 22
490 1445 542 1487 οἱ
585 1444 770 1487 οἰκεῑο
784 1442 817 1500 ι]
863 1442 1076 1487 Articulus
1119 1443 1269 1487 abesse
1315 1455 1399 1486 uon
1441 1448 1592 1498 potest.

198 1512 361 1556 Nullum
390 1524 526 1568 genus
556 1525 749 1567 errorum
787 1514 830 1556 in
868 1527 1027 1570 papyro
1066 1514 1324 1570 frequentius
1364 1519 1430 1558 est
1469 1527 1592 1570 quam

199 1582 368 1627 omissio
400 1582 650 1638 syllabarum
673 1583 862 1627 similium
897 1583 1195 1628 earundemve.

285 1651 356 1708 24,
388 1650 409 1695 1
444 1655 504 1698 ἐν
534 1650 642 1708 αἶς]
675 1653 886 1711 Quaeres,
915 1657 966 1698 ἐν
989 1653 1144 1701 view?
1174 1654 1406 1705 Quominus
1436 1653 1593 1696 creda-

197 1734 289 1766 mus
319 1721 471 1770 αἰτίας
502 1721 581 1765 dici
610 1723 849 1779 prohibent,
882 1724 1055 1780 opinor,
1095 1721 1166 1775 ὅτι
1208 1724 1482 1779 Λυκοῦργος
1518 1724 1593 1767 λε’-

195 1808 264 1848 γει
291 1791 435 1834 verba.
496 1791 611 1848 Ergo
643 1805 698 1835 ex
729 1788 1008 1839 ἀπέστειλαν
1028 1789 1293 1850 γράψαντες
1318 1793 1422 1835 elice
1438 1805 1593 1836 nomen

197 1874 280 1917 quo
310 1861 520 1906 referatur
549 1864 600 1908 ἐν
630 1860 718 1916 αἷς,
746 1864 1091 1913 ἐπιστολαῖς.
1169 1862 1225 1907 At
1267 1863 1320 1906 de
1360 1864 1592 1919 scripturae

196 1932 373 1976 veritate
393 1930 560 1994 dubito.

267 2001 355 2058 24,
386 2002 413 2046 4
444 2000 550 2060 τὴν
576 2003 837 2060 γυναῖκα]
867 2003 920 2059 de
946 2017 1032 2059 ,qua
1051 2004 1094 2047 in
1114 2002 1329 2061 deperdita
1346 2009 1463 2060 parte
1488 2017 1590 2047 ora-

195 2072 320 2118 tionis
350 2084 589 2117 sermonem
617 2072 749 2115 fuisse
778 2074 900 2126 etiam
935 2086 991 2117 ex
1020 2073 1143 2130 frgm.
1174 2073 1331 2117 Hatris.
1362 2073 1491 2130 XVII,
1522 2074 1592 2116 ubi

194 2141 395 2201 Euphemi
425 2142 627 2186 memoria
658 2146 744 2199 est,
774 2141 993 2199 colligitur.

284 2221 354 2279 24,
374 2224 401 2268 5
432 2219 577 2272 ὅπως
605 2217 1026 2280 nuntiandum]
1056 2222 1148 2267 Non
1165 2228 1412 2267 cunctanter
1433 2222 1589 2266 descivi

195 2308 221 2338 a
253 2284 398 2345 codice
430 2293 660 2351 πλησιαση
690 2290 917 2350 offerente,
946 2305 1033 2337 non
1065 2306 1149 2348 quo
1171 2294 1323 2336 canoni
1340 2292 1587 2334 Dawesiano

196 2365 409 2418 timerem,
450 2362 525 2405 sed
557 2373 611 2404 ne
649 2364 782 2410 oratio
821 2365 961 2407 iuncto
1003 2364 1146 2406 aoristi
1186 2363 1450 2405 coniunctivo
1495 2375 1589 2404 cum

163 2425 341 2493 {tuturo
366 2428 629 2489 διαφυλάξει
667 2431 896 2486 inaequalis
941 2431 1179 2475 efficeretur
1217 2437 1261 2475 et
1300 2431 1425 2474 fatua.
1489 2432 1590 2474 Nec

195 2492 386 2547 librarius
416 2500 497 2544 hoc
526 2500 622 2544 loco
652 2501 744 2544 solo
766 2502 963 2556 peccavit
1003 2502 1044 2544 in
1075 2502 1189 2545 exitu
1225 2502 1471 2558 verborum,
1512 2502 1588 2545 cfr.

196 2570 247 2613 ad
284 2577 390 2615 orat.
420 2571 649 2627 Euxenipp.
678 2571 719 2628 6,
754 2569 821 2616 19.

282 2647 353 2706 24,
371 2648 398 2693 6
430 2646 774 2709 διαφυλάξει
806 2646 1014 2708 azizim]
1047 2650 1278 2696 Aeschines
1290 2651 1489 2696 Timarch.
1505 2649 1589 2695 182

194 2736 232 2775 p.
275 2721 331 2765 26
379 2719 498 2763 affert
542 2721 764 2778 Babingto:
810 2715 956 2777 εὑρών
1000 2716 1089 2777 τήν
1133 2723 1305 2767 ἑαυτοῦ
1351 2722 1589 2779 θυγατέρα
