1795 3218
653 251 1154 296 PRAEFATIO.
1496 263 1592 295 xvn

204 377 481 434 Olympiadis
510 380 553 419 et
585 379 921 431 Atheniensium
958 380 1139 432 negotio
1169 378 1420 421 Dodonaeo
1455 388 1592 421 accu-

203 463 399 504 satorem
444 458 607 502 acriter
650 461 929 515 perstringit,
977 460 1097 515 quod
1144 460 1180 503 is
1226 471 1298 502 res
1342 469 1527 513 prorsus
1563 470 1592 501 a

201 553 361 585 caussa
394 539 648 594 Euxenippi
681 540 849 584 alienas
888 540 1106 584 effuderit.
1186 540 1279 584 Nec
1312 540 1593 594 praetermit-

201 625 293 664 tam
329 622 478 664 lusum
513 620 652 663 illum*
674 623 1005 666 contrariorum
1040 622 1242 677 sophista
1276 621 1429 675 aliquo
1454 615 1592 671 λογο-

200 692 394 752 δαιδᾰλῳ
426 700 637 756 dignum,
673 701 752 745 sed
789 705 837 746 ut
871 703 918 746 in
954 703 1162 746 irrisione
1198 704 1302 757 apte
1328 703 1591 755 usurpatum

202 794 247 835 p.
286 776 363 834 16,
400 775 465 825 23
504 771 719 832 πόρους
763 777 874 832 φασὶ
922 777 1199 833 πορίζειν,
1247 772 1499 832 οἷπσρίαν
1540 780 1592 820 ἐν

200 856 279 914 τῇ·
302 852 435 901 πόλει
487 853 933 913 παρασκευάζοντες,
977 866 1027 906 ut
1060 863 1262 906 similiter
1296 862 1406 905 ludit
1429 875 1589 918 perso-

199 944 329 986 natus
365 941 557 1000 Gorgias
581 937 627 995 8,
652 953 695 996 p'.
724 937 822 985 117
850 942 955 985 Rsk.
992 938 1062 986 τίς
1095 934 1182 993 γάρ
1212 933 1272 981 ἂν
1301 937 1487 993 ἐποίησε
1507 934 1590 982 «τὸν

201 1014 505 1073 α’«νθρῶπινον
533 1016 644 1073 βίον
675 1013 932 1072 πόριμον
964 1021 1013 1068 ἐξ
1043 1011 1294 1072 ἀπόρους

305 1094 362 1135 At
396 1092 510 1135 haec
546 1092 699 1135 omnia
733 1104 790 1135 ex
823 1092 1117 1147 Euxenippea
1163 1093 1369 1136 oratione
1413 1097 1591 1149 sumpta

200 1177 316 1217 sunt.
387 1174 540 1216 Altera
571 1185 655 1216 nec
691 1174 748 1216 ab
778 1174 877 1229 ipso
901 1174 1125 1229 Hyperide
1155 1174 1270 1217 dicta
1294 1177 1337 1217 et
1363 1175 1409 1217 in
1431 1188 1591 1219 caussa

198 1256 450 1311 spinosiore
474 1255 619 1310 posita
644 1257 701 1306 et,
735 1255 855 1309 quod
890 1266 1115 1298 summum
1139 1258 1219 1307 est,
1256 1259 1414 1299 contra
1444 1257 1592 1299 virum

199 1348 390 1390 magnae
429 1334 704 1378 auctoritatis
740 1334 894 1378 habita
929 1348 1035 1379 rara
1070 1335 1263 1378 ostendit
1297 1337 1485 1390 vestigia
1519 1337 1590 1380 fa-

199 1418 442 1469 cetiarum,
476 1416 555 1459 sed
592 1416 779 1470 vestigia
814 1419 979 1459 tamen.
1044 1417 1155 1460 Vide
1187 1429 1229 1470 p.
1254 1410 1423 1468 23,15
1469 1408 1590 1460 ὅπως

199 1488 259 1536 ἂν
290 1485 322 1551 ᾖ
353 1486 647 1541 ἀθάνατος
677 1489 979 1547 συκοφάντης,
1010 1501 1054 1539 et
1084 1491 1177 1550 25,
1218 1492 1281 1540 19
1322 1492 1398 1536 καὶ
1440 1493 1588 1537 ταῦτα

200 1572 322 1617 δοκεῖ
351 1568 412 1618 ἂν
443 1569 556 1627 ὑμῖν
586 1572 708 1621 Αἴας
739 1574 908 1623 ἐκεῖνος
939 1567 962 1616 ὅ
993 1569 1282 1628 μαινόμενος
1325 1574 1515 1629 ποιῆσαι
1556 1570 1588 1629 ἢ

202 1647 445 1705 Μαργίτης
475 1642 499 1691 ὅ
531 1642 720 1691 πάντων
750 1641 1143 1702 ἄβελτερώτατοςς

295 1734 476 1779 Atenim
510 1733 558 1775 in
594 1733 782 1786 egregiis
831 1732 1038 1775 laudibus
1091 1733 1266 1776 artificii
1312 1732 1499 1776 oratorii
1544 1733 1590 1773 in

196 1808 450 1857 elocutione
482 1815 633 1855 tamen
669 1813 767 1866 ipsa
804 1809 1067 1866 delectuque
1105 1814 1348 1856 verborum
1383 1812 1589 1855 fastidio-

195 1896 339 1938 siores
372 1893 601 1937 auriculae
634 1893 1031 1947 grammaticorum
1067 1894 1237 1949 aliquid
1280 1894 1328 1937 in
1363 1893 1589 1949 Hyperide

197 1977 576 2019 desideraverunt.
658 1975 965 2029 Hermogenes
1012 1970 1057 2027 3,
1105 1970 1205 2019 382
1249 1976 1392 2019 Walz.
1441 1966 1588 2016 Ἵδιον

193 2047 460 2107 ιΥπιερείδου
498 2047 548 2095 τό
589 2051 662 2095 καὶ
704 2058 801 2100 ταῖς
843 2052 1011 2102 λέξεσιν
1042 2048 1359 2107 οἷφειδέστερὸν
1389 2067 1484 2100 πως
1515 2051 1587 2095 καὶ

194 2117 497 2177 ἀμελέστερον
537 2123 763 2180 χρῆσθαι·
812 2119 962 2179 ὥσπερ
1003 2120 1119 2168 ὅταν
1162 2122 1503 2178 μονώτατος
1532 2148 1588 2154 —-

196 2211 285 2253 quo
322 2199 501 2254 praeter
536 2197 649 2239 alios
685 2197 819 2239 etiam
849 2196 1076 2252 Lycurgus
1112 2210 1219 2241 usus
1253 2199 1320 2240 est
1366 2221 1430 2230 --
1479 2193 1589 2250 λέγῃ

195 2274 267 2318 καὶ
295 2266 601 2330 γαλεάγρα
634 2270 707 2315 καὶ
740 2270 1119 2326 ἐκκοκκύζειν
1167 2272 1240 2316 καὶ
1272 2267 1587 2329 ἐστηλοκό-

192 2362 375 2403 πηται
405 2346 478 2389 καὶ
508 2340 799 2400 ἐπήβολος
830 2345 903 2388 καὶ
936 2342 1019 2389 ὅσα
1050 2347 1261 2389 τοιαῦτα.
1303 2353 1361 2394 At
1383 2343 1467 2388 ὅσα
1485 2361 1585 2389 τοι-

192 2417 311 2461 αῦτα
359 2421 509 2463 hercle
559 2431 586 2462 a
621 2414 804 2474 Polluce
852 2417 1133 2473 potissimum
1175 2420 1281 2461 exili
1328 2419 1586 2463 curiositate

192 2505 347 2546 notata
373 2503 422 2544 ,et
452 2499 647 2543 Pollucis
678 2499 897 2541 similibus
933 2500 1144 2542 Atticistis
1180 2499 1395 2542 ridiculus
1424 2501 1481 2543 sit
1510 2502 1586 2555 qui

191 2592 247 2624 eo
284 2583 493 2637 opinetur
527 2580 700 2631 valere,
736 2580 784 2621 ut
819 2578 1054 2634 Hyperidis
1090 2593 1358 2630 sermonem,
1384 2581 1441 2624 ab
1471 2582 1585 2624 Atti-

189 2673 270 2705 cae
318 2657 506 2720 normae
558 2660 811 2704 sinceritate
865 2661 1028 2705 mirum
1080 2665 1297 2717 quantum
1347 2662 1582 2704 deflexisse

188 2753 464 2788 censeamus.
537 2743 759 2798 Quicquid
790 2742 909 2787 enim
942 2744 1014 2787 isti
1050 2744 1290 2798 magistelli
1312 2743 1578 2798 vituperant,

1095 2823 1178 2849 *ab*
