<?xml version="1.0" encoding="UTF-8"?>
<!DOCTYPE html PUBLIC "-//W3C//DTD XHTML 1.0 Transitional//EN"
    "http://www.w3.org/TR/xhtml1/DTD/xhtml1-transitional.dtd">
<html xmlns="http://www.w3.org/1999/xhtml" xml:lang="en" lang="en">
 <head>
  <title>
</title>
<meta http-equiv="Content-Type" content="text/html;charset=utf-8" />
  <meta name='ocr-system' content='tesseract 3.04.00' />
  <meta name='ocr-capabilities' content='ocr_page ocr_carea ocr_par ocr_line ocrx_word'/>
</head>
<body>
  <div class='ocr_page' id='page_1' title='image "./4737197_0096.png"; bbox 0 0 1795 3218; ppageno 0'>
   <div class='ocr_carea' id='block_1_1' title="bbox 218 239 1113 290">
    <p class='ocr_par' dir='ltr' id='par_1_1' title="bbox 218 239 1113 290">
     <span class='ocr_line' id='line_1_1' title="bbox 218 239 1113 290; baseline 0.001 -2"><span class='ocrx_word' id='word_1_1' title='bbox 218 239 285 288; x_wconf 83' lang='lat'>66</span> <span class='ocrx_word' id='word_1_2' title='bbox 720 242 1113 290; x_wconf 69' lang='lat' dir='ltr'>s‘cHOLlA.</span> 
     </span>
    </p>
   </div>
   <div class='ocr_carea' id='block_1_2' title="bbox 212 359 1619 559">
    <p class='ocr_par' dir='ltr' id='par_1_2' title="bbox 212 359 1619 559">
     <span class='ocr_line' id='line_1_2' title="bbox 305 359 1616 424; baseline 0.003 -17"><span class='ocrx_word' id='word_1_3' title='bbox 305 377 344 420; x_wconf 88' lang='lat' dir='ltr'>p.</span> <span class='ocrx_word' id='word_1_4' title='bbox 375 364 446 422; x_wconf 99' lang='lat'>23,</span> <span class='ocrx_word' id='word_1_5' title='bbox 477 365 505 407; x_wconf 91' lang='lat'><strong><em>2</em></strong></span> <span class='ocrx_word' id='word_1_6' title='bbox 550 359 738 422; x_wconf 71' lang='grc' dir='ltr'><strong><em>αὐτὸς]</em></strong></span> <span class='ocrx_word' id='word_1_7' title='bbox 780 364 1021 410; x_wconf 74' lang='lat' dir='ltr'>Aristonem</span> <span class='ocrx_word' id='word_1_8' title='bbox 1052 364 1242 423; x_wconf 81' lang='lat' dir='ltr'>intelligit</span> <span class='ocrx_word' id='word_1_9' title='bbox 1279 364 1509 424; x_wconf 79' lang='lat' dir='ltr'>Babingto,</span> <span class='ocrx_word' id='word_1_10' title='bbox 1544 367 1616 413; x_wconf 93' lang='lat' dir='ltr'>cui</span> 
     </span>
     <span class='ocr_line' id='line_1_3' title="bbox 217 432 1619 494; baseline 0.004 -17"><span class='ocrx_word' id='word_1_11' title='bbox 217 436 451 478; x_wconf 87' lang='lat' dir='ltr'>subiectum</span> <span class='ocrx_word' id='word_1_12' title='bbox 484 434 603 477; x_wconf 87' lang='lat' dir='ltr'>verbi</span> <span class='ocrx_word' id='word_1_13' title='bbox 633 434 754 494; x_wconf 70' lang='grc' dir='ltr'><strong><em>εἶχεν</em></strong></span> <span class='ocrx_word' id='word_1_14' title='bbox 783 436 1022 492; x_wconf 75' lang='lat' dir='ltr'>Dionysius</span> <span class='ocrx_word' id='word_1_15' title='bbox 1029 437 1098 480; x_wconf 89' lang='lat' dir='ltr'>ille</span> <span class='ocrx_word' id='word_1_16' title='bbox 1122 436 1300 480; x_wconf 80' lang='lat' dir='ltr'>videtur.</span> <span class='ocrx_word' id='word_1_17' title='bbox 1358 435 1453 492; x_wconf 79' lang='lat' dir='ltr'>Ego</span> <span class='ocrx_word' id='word_1_18' title='bbox 1473 432 1619 483; x_wconf 72' lang='grc' dir='ltr'><strong><em>αὐτόν</em></strong></span> 
     </span>
     <span class='ocr_line' id='line_1_4' title="bbox 212 504 1354 559; baseline 0.002 -13"><span class='ocrx_word' id='word_1_19' title='bbox 212 504 354 559; x_wconf 89' lang='lat' dir='ltr'>potius</span> <span class='ocrx_word' id='word_1_20' title='bbox 382 508 525 559; x_wconf 88' lang='lat' dir='ltr'>putem</span> <span class='ocrx_word' id='word_1_21' title='bbox 561 515 658 547; x_wconf 89' lang='lat' dir='ltr'>eum</span> <span class='ocrx_word' id='word_1_22' title='bbox 687 504 769 547; x_wconf 91' lang='lat' dir='ltr'>dici</span> <span class='ocrx_word' id='word_1_23' title='bbox 801 506 921 550; x_wconf 81' lang='lat' dir='ltr'>cuius</span> <span class='ocrx_word' id='word_1_24' title='bbox 949 516 1104 549; x_wconf 88' lang='lat' dir='ltr'>nomen</span> <span class='ocrx_word' id='word_1_25' title='bbox 1134 505 1354 550; x_wconf 76' lang='lat' dir='ltr'>intercidit.</span> 
     </span>
    </p>
   </div>
   <div class='ocr_carea' id='block_1_3' title="bbox 203 574 1625 2817">
    <p class='ocr_par' dir='ltr' id='par_1_3' title="bbox 213 574 1617 850">
     <span class='ocr_line' id='line_1_5' title="bbox 305 574 1617 643; baseline 0.003 -20"><span class='ocrx_word' id='word_1_26' title='bbox 305 581 375 638; x_wconf 88' lang='grc'>23,</span> <span class='ocrx_word' id='word_1_27' title='bbox 394 580 421 623; x_wconf 91' lang='grc'><strong>4</strong></span> <span class='ocrx_word' id='word_1_28' title='bbox 464 578 537 626; x_wconf 73' lang='grc' dir='ltr'>ὅτ’</span> <span class='ocrx_word' id='word_1_29' title='bbox 566 574 634 638; x_wconf 78' lang='grc' dir='ltr'>ἤν</span> <span class='ocrx_word' id='word_1_30' title='bbox 663 578 920 628; x_wconf 72' lang='grc' dir='ltr'><strong><em>τούτωνὸ</em></strong></span> <span class='ocrx_word' id='word_1_31' title='bbox 948 578 1096 640; x_wconf 60' lang='lat' dir='ltr'>«fraiv</span> <span class='ocrx_word' id='word_1_32' title='bbox 1125 578 1261 640; x_wconf 74' lang='grc' dir='ltr'>πρός</span> <span class='ocrx_word' id='word_1_33' title='bbox 1287 578 1617 643; x_wconf 74' lang='grc' dir='ltr'><strong><em>Ἀρχεστρα-</em></strong></span> 
     </span>
     <span class='ocr_line' id='line_1_6' title="bbox 215 649 1617 709; baseline 0.001 -15"><span class='ocrx_word' id='word_1_34' title='bbox 215 666 240 694; x_wconf 69' lang='lat' dir='ltr'><em>v</em></span> <span class='ocrx_word' id='word_1_35' title='bbox 256 650 398 708; x_wconf 56' lang='lat' dir='ltr'>idne]</span> <span class='ocrx_word' id='word_1_36' title='bbox 429 650 605 694; x_wconf 88' lang='lat' dir='ltr'>Pulchre</span> <span class='ocrx_word' id='word_1_37' title='bbox 634 649 982 697; x_wconf 83' lang='lat' dir='ltr'>Archestratiden</span> <span class='ocrx_word' id='word_1_38' title='bbox 1012 654 1232 697; x_wconf 78' lang='lat' dir='ltr'>revocavit</span> <span class='ocrx_word' id='word_1_39' title='bbox 1260 653 1479 709; x_wconf 83' lang='lat' dir='ltr'>Babingto.</span> <span class='ocrx_word' id='word_1_40' title='bbox 1524 652 1617 696; x_wconf 87' lang='lat' dir='ltr'>Ex·—</span> 
     </span>
     <span class='ocr_line' id='line_1_7' title="bbox 215 720 1615 789; baseline 0.001 -24"><span class='ocrx_word' id='word_1_41' title='bbox 215 723 329 765; x_wconf 81' lang='lat' dir='ltr'>tabat</span> <span class='ocrx_word' id='word_1_42' title='bbox 358 723 578 779; x_wconf 83' lang='lat' dir='ltr'>Hyperidis</span> <span class='ocrx_word' id='word_1_43' title='bbox 610 724 747 766; x_wconf 85' lang='lat' dir='ltr'>oratio</span> <span class='ocrx_word' id='word_1_44' title='bbox 779 720 877 769; x_wconf 80' lang='grc' dir='ltr'><strong><em>κατ’</em></strong></span> <span class='ocrx_word' id='word_1_45' title='bbox 905 722 1316 789; x_wconf 68' lang='grc' dir='ltr'>Ἀρχεστρατίδου,</span> <span class='ocrx_word' id='word_1_46' title='bbox 1355 724 1474 767; x_wconf 87' lang='lat' dir='ltr'>cuius</span> <span class='ocrx_word' id='word_1_47' title='bbox 1510 723 1615 767; x_wconf 86' lang='lat' dir='ltr'>reli-</span> 
     </span>
     <span class='ocr_line' id='line_1_8' title="bbox 213 788 1381 850; baseline 0.001 -15"><span class='ocrx_word' id='word_1_48' title='bbox 213 793 333 848; x_wconf 76' lang='lat' dir='ltr'>quius</span> <span class='ocrx_word' id='word_1_49' title='bbox 364 793 600 848; x_wconf 81' lang='lat' dir='ltr'>composuit</span> <span class='ocrx_word' id='word_1_50' title='bbox 630 788 836 850; x_wconf 79' lang='lat' dir='ltr'>Saup&#39;pius</span> <span class='ocrx_word' id='word_1_51' title='bbox 866 793 994 837; x_wconf 87' lang='lat' dir='ltr'>Oratt.</span> <span class='ocrx_word' id='word_1_52' title='bbox 1023 794 1187 850; x_wconf 79' lang='lat' dir='ltr'>srgmm.</span> <span class='ocrx_word' id='word_1_53' title='bbox 1217 806 1258 849; x_wconf 91' lang='lat' dir='ltr'>p.</span> <span class='ocrx_word' id='word_1_54' title='bbox 1280 791 1381 837; x_wconf 84' lang='grc'>283.</span> 
     </span>
    </p>

    <p class='ocr_par' dir='ltr' id='par_1_4' title="bbox 210 863 1615 1331">
     <span class='ocr_line' id='line_1_9' title="bbox 302 863 1615 924; baseline 0.002 -15"><span class='ocrx_word' id='word_1_55' title='bbox 302 866 374 923; x_wconf 90' lang='grc'>23,</span> <span class='ocrx_word' id='word_1_56' title='bbox 406 867 432 909; x_wconf 90' lang='grc'>5</span> <span class='ocrx_word' id='word_1_57' title='bbox 464 867 705 913; x_wconf 78' lang='grc' dir='ltr'><strong><em>τοιοῦτο</em></strong></span> <span class='ocrx_word' id='word_1_58' title='bbox 732 863 838 923; x_wconf 70' lang='grc' dir='ltr'>γάρ</span> <span class='ocrx_word' id='word_1_59' title='bbox 874 870 986 912; x_wconf 80' lang='grc' dir='ltr'><strong><em>ἐστι</em></strong></span> <span class='ocrx_word' id='word_1_60' title='bbox 1031 864 1088 913; x_wconf 75' lang='grc' dir='ltr'>τό</span> <span class='ocrx_word' id='word_1_61' title='bbox 1131 863 1462 924; x_wconf 76' lang='grc' dir='ltr'><em>Ἀρίστωνυς</em></span> <span class='ocrx_word' id='word_1_62' title='bbox 1489 883 1615 912; x_wconf 75' lang='grc' dir='ltr'><strong><em>του-</em></strong></span> 
     </span>
     <span class='ocr_line' id='line_1_10' title="bbox 212 932 1612 994; baseline -0.001 -13"><span class='ocrx_word' id='word_1_63' title='bbox 212 938 342 983; x_wconf 74' lang='grc' dir='ltr'>τουῖ·</span> <span class='ocrx_word' id='word_1_64' title='bbox 365 936 617 994; x_wconf 73' lang='grc' dir='ltr'><em>πρᾶγμα·</em></span> <span class='ocrx_word' id='word_1_65' title='bbox 653 932 830 987; x_wconf 75' lang='grc' dir='ltr'><strong><em>αὐτὸς</em></strong></span> <span class='ocrx_word' id='word_1_66' title='bbox 862 969 873 981; x_wconf 94' lang='grc'><strong>.</strong></span> <span class='ocrx_word' id='word_1_67' title='bbox 906 970 917 981; x_wconf 90' lang='grc'><strong>.</strong></span> <span class='ocrx_word' id='word_1_68' title='bbox 950 936 980 993; x_wconf 91' lang='grc'>.]</span> <span class='ocrx_word' id='word_1_69' title='bbox 1013 936 1164 980; x_wconf 81' lang='lat' dir='ltr'>Fraudi</span> <span class='ocrx_word' id='word_1_70' title='bbox 1189 936 1268 981; x_wconf 78' lang='lat' dir='ltr'>fuit</span> <span class='ocrx_word' id='word_1_71' title='bbox 1301 932 1460 994; x_wconf 87' lang='lat' dir='ltr'>editori,</span> <span class='ocrx_word' id='word_1_72' title='bbox 1486 949 1612 994; x_wconf 89' lang='lat' dir='ltr'>quem</span> 
     </span>
     <span class='ocr_line' id='line_1_11' title="bbox 214 1002 1613 1065; baseline 0.001 -15"><span class='ocrx_word' id='word_1_73' title='bbox 214 1007 423 1051; x_wconf 87' lang='lat' dir='ltr'>sententia</span> <span class='ocrx_word' id='word_1_74' title='bbox 452 1007 679 1050; x_wconf 89' lang='lat' dir='ltr'>verborum</span> <span class='ocrx_word' id='word_1_75' title='bbox 705 1018 880 1051; x_wconf 85' lang='lat' dir='ltr'>suorum</span> <span class='ocrx_word' id='word_1_76' title='bbox 900 1004 952 1051; x_wconf 73' lang='grc' dir='ltr'>τὸ</span> <span class='ocrx_word' id='word_1_77' title='bbox 980 1005 1168 1063; x_wconf 78' lang='grc' dir='ltr'><strong><em>ἄριστον</em></strong></span> <span class='ocrx_word' id='word_1_78' title='bbox 1185 1002 1613 1065; x_wconf 50' lang='lat' dir='ltr'>montemmaran-</span> 
     </span>
     <span class='ocr_line' id='line_1_12' title="bbox 210 1071 1611 1132; baseline -0.001 -12"><span class='ocrx_word' id='word_1_79' title='bbox 210 1093 319 1126; x_wconf 80' lang='grc' dir='ltr'>τος,</span> <span class='ocrx_word' id='word_1_80' title='bbox 351 1088 462 1131; x_wconf 78' lang='lat' dir='ltr'>quae</span> <span class='ocrx_word' id='word_1_81' title='bbox 492 1088 548 1118; x_wconf 90' lang='lat' dir='ltr'>ne</span> <span class='ocrx_word' id='word_1_82' title='bbox 585 1088 743 1131; x_wconf 80' lang='lat' dir='ltr'>graece</span> <span class='ocrx_word' id='word_1_83' title='bbox 786 1075 954 1130; x_wconf 88' lang='lat' dir='ltr'>quidem</span> <span class='ocrx_word' id='word_1_84' title='bbox 976 1071 1093 1118; x_wconf 75' lang='lat' dir='ltr'>&#39;dicta</span> <span class='ocrx_word' id='word_1_85' title='bbox 1132 1077 1249 1131; x_wconf 86' lang='lat' dir='ltr'>sunt,</span> <span class='ocrx_word' id='word_1_86' title='bbox 1285 1075 1438 1120; x_wconf 78' lang='lat' dir='ltr'>frustra</span> <span class='ocrx_word' id='word_1_87' title='bbox 1478 1074 1611 1132; x_wconf 78' lang='lat' dir='ltr'>torsit,</span> 
     </span>
     <span class='ocr_line' id='line_1_13' title="bbox 214 1136 1613 1202; baseline 0.002 -15"><span class='ocrx_word' id='word_1_88' title='bbox 214 1146 330 1201; x_wconf 89' lang='lat' dir='ltr'>quod</span> <span class='ocrx_word' id='word_1_89' title='bbox 362 1150 461 1200; x_wconf 88' lang='lat' dir='ltr'>post</span> <span class='ocrx_word' id='word_1_90' title='bbox 492 1161 686 1201; x_wconf 79' lang='grc' dir='ltr'><strong><em>πραγμα</em></strong></span> <span class='ocrx_word' id='word_1_91' title='bbox 717 1138 822 1188; x_wconf 82' lang='lat' dir='ltr'>duas</span> <span class='ocrx_word' id='word_1_92' title='bbox 846 1145 1006 1188; x_wconf 81' lang='lat' dir='ltr'>litteras</span> <span class='ocrx_word' id='word_1_93' title='bbox 1024 1136 1277 1200; x_wconf 85' lang='lat' dir='ltr'>absumptas</span> <span class='ocrx_word' id='word_1_94' title='bbox 1307 1159 1404 1190; x_wconf 88' lang='lat' dir='ltr'>esse</span> <span class='ocrx_word' id='word_1_95' title='bbox 1441 1159 1519 1202; x_wconf 87' lang='lat' dir='ltr'>per</span> <span class='ocrx_word' id='word_1_96' title='bbox 1547 1138 1613 1189; x_wconf 78' lang='lat' dir='ltr'>la·-</span> 
     </span>
     <span class='ocr_line' id='line_1_14' title="bbox 213 1212 1613 1273; baseline 0.001 -14"><span class='ocrx_word' id='word_1_97' title='bbox 213 1228 364 1259; x_wconf 85' lang='lat' dir='ltr'>cunam</span> <span class='ocrx_word' id='word_1_98' title='bbox 389 1227 476 1259; x_wconf 88' lang='lat' dir='ltr'>non</span> <span class='ocrx_word' id='word_1_99' title='bbox 507 1216 810 1259; x_wconf 85' lang='lat' dir='ltr'>animadvertit.</span> <span class='ocrx_word' id='word_1_100' title='bbox 868 1216 957 1270; x_wconf 70' lang='lat' dir='ltr'>Ipsi</span> <span class='ocrx_word' id='word_1_101' title='bbox 987 1214 1224 1272; x_wconf 75' lang='lat' dir='ltr'>Aristoni(‹</span> <span class='ocrx_word' id='word_1_102' title='bbox 1225 1212 1370 1273; x_wconf 63' lang='lat' dir='ltr'>duic)</span> <span class='ocrx_word' id='word_1_103' title='bbox 1388 1214 1613 1273; x_wconf 87' lang='lat' dir='ltr'>opponitur</span> 
     </span>
     <span class='ocr_line' id='line_1_15' title="bbox 213 1286 788 1331; baseline -0.002 -1"><span class='ocrx_word' id='word_1_104' title='bbox 213 1287 366 1331; x_wconf 88' lang='lat' dir='ltr'>sodalis</span> <span class='ocrx_word' id='word_1_105' title='bbox 398 1286 716 1329; x_wconf 82' lang='lat' dir='ltr'>Theomnestus.</span> <span class='ocrx_word' id='word_1_106' title='bbox 782 1309 788 1315; x_wconf 95' lang='lat'>-</span> 
     </span>
    </p>

    <p class='ocr_par' dir='ltr' id='par_1_5' title="bbox 205 1355 1610 2184">
     <span class='ocr_line' id='line_1_16' title="bbox 299 1355 1610 1416; baseline 0.002 -15"><span class='ocrx_word' id='word_1_107' title='bbox 299 1359 370 1416; x_wconf 90' lang='lat'>23,</span> <span class='ocrx_word' id='word_1_108' title='bbox 403 1358 429 1399; x_wconf 81' lang='lat'><strong>7</strong></span> <span class='ocrx_word' id='word_1_109' title='bbox 477 1355 700 1415; x_wconf 75' lang='grc' dir='ltr'><strong><em>περιών]</em></strong></span> <span class='ocrx_word' id='word_1_110' title='bbox 751 1356 938 1400; x_wconf 79' lang='lat' dir='ltr'><strong>Eandem</strong></span> <span class='ocrx_word' id='word_1_111' title='bbox 981 1356 1156 1399; x_wconf 81' lang='lat' dir='ltr'>sormam</span> <span class='ocrx_word' id='word_1_112' title='bbox 1201 1357 1439 1403; x_wconf 85' lang='lat' dir='ltr'>Boeckhius</span> <span class='ocrx_word' id='word_1_113' title='bbox 1483 1360 1610 1403; x_wconf 85' lang='lat' dir='ltr'>tuitus</span> 
     </span>
     <span class='ocr_line' id='line_1_17' title="bbox 214 1425 1610 1483; baseline 0.001 -11"><span class='ocrx_word' id='word_1_114' title='bbox 214 1435 276 1472; x_wconf 86' lang='lat' dir='ltr'>est</span> <span class='ocrx_word' id='word_1_115' title='bbox 307 1430 348 1470; x_wconf 92' lang='lat' dir='ltr'>in</span> <span class='ocrx_word' id='word_1_116' title='bbox 380 1428 527 1483; x_wconf 83' lang='lat' dir='ltr'>fragm.</span> <span class='ocrx_word' id='word_1_117' title='bbox 561 1432 665 1470; x_wconf 84' lang='lat' dir='ltr'>orat.</span> <span class='ocrx_word' id='word_1_118' title='bbox 699 1432 848 1470; x_wconf 83' lang='lat' dir='ltr'>contra</span> <span class='ocrx_word' id='word_1_119' title='bbox 878 1425 1088 1480; x_wconf 70' lang='lat' dir='ltr'>Demostb.</span> <span class='ocrx_word' id='word_1_120' title='bbox 1118 1439 1158 1482; x_wconf 89' lang='lat' dir='ltr'>p.</span> <span class='ocrx_word' id='word_1_121' title='bbox 1181 1426 1248 1470; x_wconf 87' lang='lat'>14.</span> <span class='ocrx_word' id='word_1_122' title='bbox 1278 1428 1441 1473; x_wconf 84' lang='lat' dir='ltr'>Merito.</span> <span class='ocrx_word' id='word_1_123' title='bbox 1504 1430 1610 1474; x_wconf 87' lang='lat' dir='ltr'>Satis</span> 
     </span>
     <span class='ocr_line' id='line_1_18' title="bbox 212 1496 1609 1556; baseline 0.001 -14"><span class='ocrx_word' id='word_1_124' title='bbox 212 1500 321 1542; x_wconf 91' lang='lat' dir='ltr'>enim</span> <span class='ocrx_word' id='word_1_125' title='bbox 351 1502 518 1541; x_wconf 88' lang='lat' dir='ltr'>constat</span> <span class='ocrx_word' id='word_1_126' title='bbox 547 1497 601 1539; x_wconf 91' lang='lat' dir='ltr'>de</span> <span class='ocrx_word' id='word_1_127' title='bbox 640 1496 721 1540; x_wconf 84' lang='lat' dir='ltr'>bac</span> <span class='ocrx_word' id='word_1_128' title='bbox 761 1497 898 1541; x_wconf 80' lang='lat' dir='ltr'>forma</span> <span class='ocrx_word' id='word_1_129' title='bbox 943 1510 999 1541; x_wconf 88' lang='lat' dir='ltr'>ex</span> <span class='ocrx_word' id='word_1_130' title='bbox 1038 1498 1208 1542; x_wconf 90' lang='lat' dir='ltr'>comicis</span> <span class='ocrx_word' id='word_1_131' title='bbox 1249 1499 1384 1553; x_wconf 88' lang='lat' dir='ltr'>poetis</span> <span class='ocrx_word' id='word_1_132' title='bbox 1423 1496 1475 1556; x_wconf 83' lang='lat' dir='ltr'>(v.</span> <span class='ocrx_word' id='word_1_133' title='bbox 1513 1500 1609 1545; x_wconf 93' lang='lat' dir='ltr'>Do-</span> 
     </span>
     <span class='ocr_line' id='line_1_19' title="bbox 208 1567 1607 1623; baseline 0 -10"><span class='ocrx_word' id='word_1_134' title='bbox 208 1571 356 1613; x_wconf 88' lang='lat' dir='ltr'>breum</span> <span class='ocrx_word' id='word_1_135' title='bbox 389 1569 440 1614; x_wconf 88' lang='lat' dir='ltr'>ad</span> <span class='ocrx_word' id='word_1_136' title='bbox 473 1568 598 1612; x_wconf 83' lang='lat' dir='ltr'>Arist.</span> <span class='ocrx_word' id='word_1_137' title='bbox 630 1568 781 1623; x_wconf 88' lang='lat' dir='ltr'>Vespp.</span> <span class='ocrx_word' id='word_1_138' title='bbox 807 1567 921 1611; x_wconf 92' lang='lat'>1020</span> <span class='ocrx_word' id='word_1_139' title='bbox 956 1573 997 1611; x_wconf 89' lang='lat' dir='ltr'>et</span> <span class='ocrx_word' id='word_1_140' title='bbox 1025 1567 1274 1617; x_wconf 83' lang='lat' dir='ltr'>Meinekium</span> <span class='ocrx_word' id='word_1_141' title='bbox 1298 1569 1353 1612; x_wconf 89' lang='lat' dir='ltr'>ad</span> <span class='ocrx_word' id='word_1_142' title='bbox 1371 1568 1607 1613; x_wconf 85' lang='lat' dir='ltr'>Pherecra-</span> 
     </span>
     <span class='ocr_line' id='line_1_20' title="bbox 209 1637 1607 1694; baseline 0.001 -12"><span class='ocrx_word' id='word_1_143' title='bbox 209 1648 294 1684; x_wconf 84' lang='lat' dir='ltr'>tem</span> <span class='ocrx_word' id='word_1_144' title='bbox 324 1640 355 1694; x_wconf 91' lang='lat' dir='ltr'>l,</span> <span class='ocrx_word' id='word_1_145' title='bbox 382 1637 469 1681; x_wconf 82' lang='lat'>348</span> <span class='ocrx_word' id='word_1_146' title='bbox 501 1643 545 1680; x_wconf 86' lang='lat' dir='ltr'>et</span> <span class='ocrx_word' id='word_1_147' title='bbox 575 1638 628 1680; x_wconf 83' lang='lat' dir='ltr'>ad</span> <span class='ocrx_word' id='word_1_148' title='bbox 657 1638 871 1681; x_wconf 86' lang='lat' dir='ltr'>Platonem</span> <span class='ocrx_word' id='word_1_149' title='bbox 905 1649 944 1693; x_wconf 90' lang='lat' dir='ltr'>p.</span> <span class='ocrx_word' id='word_1_150' title='bbox 962 1637 1094 1693; x_wconf 85' lang='lat'>685);</span> <span class='ocrx_word' id='word_1_151' title='bbox 1126 1640 1198 1693; x_wconf 90' lang='lat' dir='ltr'>qui</span> <span class='ocrx_word' id='word_1_152' title='bbox 1229 1651 1322 1681; x_wconf 90' lang='lat' dir='ltr'>cum</span> <span class='ocrx_word' id='word_1_153' title='bbox 1353 1641 1464 1683; x_wconf 83' lang='lat' dir='ltr'>vitae</span> <span class='ocrx_word' id='word_1_154' title='bbox 1496 1652 1607 1688; x_wconf 89' lang='lat' dir='ltr'>con-</span> 
     </span>
     <span class='ocr_line' id='line_1_21' title="bbox 209 1708 1606 1766; baseline 0 -11"><span class='ocrx_word' id='word_1_155' title='bbox 209 1710 474 1756; x_wconf 80' lang='lat' dir='ltr'>suetudinem</span> <span class='ocrx_word' id='word_1_156' title='bbox 504 1714 782 1765; x_wconf 82' lang='lat' dir='ltr'>sectarentur,</span> <span class='ocrx_word' id='word_1_157' title='bbox 812 1720 867 1750; x_wconf 91' lang='lat' dir='ltr'>ne</span> <span class='ocrx_word' id='word_1_158' title='bbox 883 1709 925 1750; x_wconf 92' lang='lat' dir='ltr'>in</span> <span class='ocrx_word' id='word_1_159' title='bbox 949 1708 1213 1763; x_wconf 85' lang='lat' dir='ltr'>pedestribus</span> <span class='ocrx_word' id='word_1_160' title='bbox 1230 1709 1396 1765; x_wconf 88' lang='lat' dir='ltr'>quidem</span> <span class='ocrx_word' id='word_1_161' title='bbox 1423 1711 1606 1766; x_wconf 87' lang='lat' dir='ltr'>scripto-</span> 
     </span>
     <span class='ocr_line' id='line_1_22' title="bbox 207 1777 1606 1824; baseline 0 -1"><span class='ocrx_word' id='word_1_162' title='bbox 207 1783 324 1824; x_wconf 84' lang='lat' dir='ltr'>ribus</span> <span class='ocrx_word' id='word_1_163' title='bbox 353 1780 460 1821; x_wconf 89' lang='lat' dir='ltr'>haec</span> <span class='ocrx_word' id='word_1_164' title='bbox 490 1778 626 1822; x_wconf 77' lang='lat' dir='ltr'>forma</span> <span class='ocrx_word' id='word_1_165' title='bbox 655 1777 917 1820; x_wconf 76' lang='lat' dir='ltr'>librariorum</span> <span class='ocrx_word' id='word_1_166' title='bbox 947 1777 1113 1820; x_wconf 87' lang='lat' dir='ltr'>videtur</span> <span class='ocrx_word' id='word_1_167' title='bbox 1132 1779 1366 1821; x_wconf 73' lang='lat' dir='ltr'>oscitationi</span> <span class='ocrx_word' id='word_1_168' title='bbox 1387 1780 1606 1824; x_wconf 85' lang='lat' dir='ltr'>tribuenda</span> 
     </span>
     <span class='ocr_line' id='line_1_23' title="bbox 209 1844 1605 1907; baseline -0.001 -12"><span class='ocrx_word' id='word_1_169' title='bbox 209 1864 329 1907; x_wconf 88' lang='lat' dir='ltr'>esse,</span> <span class='ocrx_word' id='word_1_170' title='bbox 371 1861 482 1906; x_wconf 87' lang='lat' dir='ltr'>quae</span> <span class='ocrx_word' id='word_1_171' title='bbox 511 1849 589 1892; x_wconf 80' lang='lat' dir='ltr'>fuit</span> <span class='ocrx_word' id='word_1_172' title='bbox 618 1844 827 1893; x_wconf 81' lang='lat' dir='ltr'>sententia</span> <span class='ocrx_word' id='word_1_173' title='bbox 868 1847 914 1891; x_wconf 88' lang='lat' dir='ltr'>G.</span> <span class='ocrx_word' id='word_1_174' title='bbox 946 1847 1152 1892; x_wconf 82' lang='lat' dir='ltr'>Dindoriii</span> <span class='ocrx_word' id='word_1_175' title='bbox 1193 1848 1315 1893; x_wconf 84' lang='lat' dir='ltr'>Thes.</span> <span class='ocrx_word' id='word_1_176' title='bbox 1363 1849 1503 1906; x_wconf 83' lang='lat' dir='ltr'>Stepb.</span> <span class='ocrx_word' id='word_1_177' title='bbox 1539 1848 1605 1906; x_wconf 88' lang='lat' dir='ltr'><strong><em>VI,</em></strong></span> 
     </span>
     <span class='ocr_line' id='line_1_24' title="bbox 208 1917 1607 1979; baseline 0 -14"><span class='ocrx_word' id='word_1_178' title='bbox 208 1921 308 1965; x_wconf 88' lang='grc'>815.</span> <span class='ocrx_word' id='word_1_179' title='bbox 367 1920 571 1974; x_wconf 90' lang='lat' dir='ltr'>Equidem</span> <span class='ocrx_word' id='word_1_180' title='bbox 603 1932 683 1962; x_wconf 91' lang='lat' dir='ltr'>nec</span> <span class='ocrx_word' id='word_1_181' title='bbox 725 1919 835 1974; x_wconf 82' lang='lat' dir='ltr'>apud</span> <span class='ocrx_word' id='word_1_182' title='bbox 880 1918 1009 1961; x_wconf 83' lang='lat' dir='ltr'>Thuc.</span> <span class='ocrx_word' id='word_1_183' title='bbox 1051 1918 1089 1975; x_wconf 94' lang='lat'><strong><em>1,</em></strong></span> <span class='ocrx_word' id='word_1_184' title='bbox 1129 1919 1199 1974; x_wconf 90' lang='grc'>30,</span> <span class='ocrx_word' id='word_1_185' title='bbox 1230 1919 1259 1961; x_wconf 86' lang='grc'>3</span> <span class='ocrx_word' id='word_1_186' title='bbox 1304 1917 1511 1976; x_wconf 75' lang='grc' dir='ltr'>περιόντι</span> <span class='ocrx_word' id='word_1_187' title='bbox 1544 1923 1607 1979; x_wconf 79' lang='grc' dir='ltr'>τῷ</span> 
     </span>
     <span class='ocr_line' id='line_1_25' title="bbox 206 1986 1606 2050; baseline -0.001 -14"><span class='ocrx_word' id='word_1_188' title='bbox 206 1991 335 2048; x_wconf 78' lang='grc' dir='ltr'><strong><em>θέρει</em></strong></span> <span class='ocrx_word' id='word_1_189' title='bbox 382 2001 463 2033; x_wconf 90' lang='lat' dir='ltr'>nec</span> <span class='ocrx_word' id='word_1_190' title='bbox 504 1989 614 2050; x_wconf 85' lang='lat' dir='ltr'>apud</span> <span class='ocrx_word' id='word_1_191' title='bbox 657 1989 853 2045; x_wconf 84' lang='lat' dir='ltr'>Xenoph.</span> <span class='ocrx_word' id='word_1_192' title='bbox 898 1989 1002 2033; x_wconf 81' lang='lat' dir='ltr'>Heli.</span> <span class='ocrx_word' id='word_1_193' title='bbox 1045 1988 1086 2046; x_wconf 90' lang='lat'><strong><em>3,</em></strong></span> <span class='ocrx_word' id='word_1_194' title='bbox 1128 1989 1168 2044; x_wconf 90' lang='lat'><strong><em>2,</em></strong></span> <span class='ocrx_word' id='word_1_195' title='bbox 1210 1987 1267 2031; x_wconf 91' lang='lat'>25</span> <span class='ocrx_word' id='word_1_196' title='bbox 1307 1986 1514 2048; x_wconf 73' lang='grc' dir='ltr'><strong><em>περιόντι</em></strong></span> <span class='ocrx_word' id='word_1_197' title='bbox 1543 1992 1606 2050; x_wconf 78' lang='grc' dir='ltr'>τῷ</span> 
     </span>
     <span class='ocr_line' id='line_1_26' title="bbox 206 2058 1605 2117; baseline -0.001 -12"><span class='ocrx_word' id='word_1_198' title='bbox 206 2062 401 2117; x_wconf 78' lang='grc' dir='ltr'><strong><em>ἐνιαυτῷ</em></strong></span> <span class='ocrx_word' id='word_1_199' title='bbox 431 2065 577 2102; x_wconf 85' lang='lat' dir='ltr'>contra</span> <span class='ocrx_word' id='word_1_200' title='bbox 607 2060 733 2102; x_wconf 84' lang='lat' dir='ltr'>fidem</span> <span class='ocrx_word' id='word_1_201' title='bbox 760 2060 964 2102; x_wconf 83' lang='lat' dir='ltr'>librorum</span> <span class='ocrx_word' id='word_1_202' title='bbox 995 2059 1371 2102; x_wconf 66' lang='lat' dir='ltr'>exterminaverim.</span> <span class='ocrx_word' id='word_1_203' title='bbox 1444 2058 1605 2103; x_wconf 80' lang='lat' dir='ltr'>Confe-</span> 
     </span>
     <span class='ocr_line' id='line_1_27' title="bbox 205 2126 1395 2184; baseline 0.001 -12"><span class='ocrx_word' id='word_1_204' title='bbox 205 2128 363 2172; x_wconf 89' lang='lat' dir='ltr'>rendus</span> <span class='ocrx_word' id='word_1_205' title='bbox 394 2129 516 2170; x_wconf 90' lang='lat' dir='ltr'>etiam</span> <span class='ocrx_word' id='word_1_206' title='bbox 547 2127 714 2172; x_wconf 88' lang='lat' dir='ltr'>Ahrens</span> <span class='ocrx_word' id='word_1_207' title='bbox 744 2127 798 2170; x_wconf 86' lang='lat' dir='ltr'>de</span> <span class='ocrx_word' id='word_1_208' title='bbox 827 2126 921 2171; x_wconf 82' lang='lat' dir='ltr'>dial.</span> <span class='ocrx_word' id='word_1_209' title='bbox 952 2127 1054 2171; x_wconf 86' lang='lat' dir='ltr'>Dor.</span> <span class='ocrx_word' id='word_1_210' title='bbox 1092 2140 1132 2184; x_wconf 89' lang='lat' dir='ltr'>p.</span> <span class='ocrx_word' id='word_1_211' title='bbox 1164 2126 1263 2172; x_wconf 83' lang='lat'>357.</span> <span class='ocrx_word' id='word_1_212' title='bbox 1293 2127 1395 2173; x_wconf 87' lang='grc'><strong>574.</strong></span> 
     </span>
    </p>

    <p class='ocr_par' dir='ltr' id='par_1_6' title="bbox 203 2196 1625 2605">
     <span class='ocr_line' id='line_1_28' title="bbox 292 2196 1605 2262; baseline 0.002 -19"><span class='ocrx_word' id='word_1_213' title='bbox 292 2199 364 2256; x_wconf 91' lang='grc'>23,</span> <span class='ocrx_word' id='word_1_214' title='bbox 393 2199 447 2242; x_wconf 91' lang='lat'>11</span> <span class='ocrx_word' id='word_1_215' title='bbox 497 2196 848 2261; x_wconf 69' lang='grc' dir='ltr'><strong><em>Θεομνήστῳ]</em></strong></span> <span class='ocrx_word' id='word_1_216' title='bbox 898 2200 1222 2245; x_wconf 83' lang='lat' dir='ltr'>Theomnestum</span> <span class='ocrx_word' id='word_1_217' title='bbox 1248 2213 1346 2262; x_wconf 73' lang='lat' dir='ltr'>¹cur</span> <span class='ocrx_word' id='word_1_218' title='bbox 1391 2203 1605 2245; x_wconf 78' lang='lat' dir='ltr'>maluerim</span> 
     </span>
     <span class='ocr_line' id='line_1_29' title="bbox 204 2271 1606 2329; baseline 0.001 -15"><span class='ocrx_word' id='word_1_219' title='bbox 204 2272 415 2316; x_wconf 89' lang='lat' dir='ltr'>hominem</span> <span class='ocrx_word' id='word_1_220' title='bbox 447 2271 665 2314; x_wconf 81' lang='lat' dir='ltr'>nominare</span> <span class='ocrx_word' id='word_1_221' title='bbox 697 2283 823 2327; x_wconf 75' lang='lat' dir='ltr'>quam</span> <span class='ocrx_word' id='word_1_222' title='bbox 846 2272 916 2315; x_wconf 88' lang='lat' dir='ltr'>vel</span> <span class='ocrx_word' id='word_1_223' title='bbox 935 2272 1267 2327; x_wconf 82' lang='lat' dir='ltr'>Theophrastum</span> <span class='ocrx_word' id='word_1_224' title='bbox 1292 2272 1360 2315; x_wconf 88' lang='lat' dir='ltr'>vel</span> <span class='ocrx_word' id='word_1_225' title='bbox 1375 2271 1606 2329; x_wconf 76' lang='lat' dir='ltr'>Theogno-</span> 
     </span>
     <span class='ocr_line' id='line_1_30' title="bbox 203 2341 1605 2399; baseline -0.001 -13"><span class='ocrx_word' id='word_1_226' title='bbox 203 2348 310 2386; x_wconf 90' lang='lat' dir='ltr'>stum</span> <span class='ocrx_word' id='word_1_227' title='bbox 345 2342 415 2384; x_wconf 86' lang='lat' dir='ltr'>vel</span> <span class='ocrx_word' id='word_1_228' title='bbox 444 2342 479 2384; x_wconf 93' lang='lat' dir='ltr'>si</span> <span class='ocrx_word' id='word_1_229' title='bbox 511 2341 610 2396; x_wconf 91' lang='lat' dir='ltr'>quid</span> <span class='ocrx_word' id='word_1_230' title='bbox 641 2342 774 2385; x_wconf 87' lang='lat' dir='ltr'>simile</span> <span class='ocrx_word' id='word_1_231' title='bbox 803 2348 929 2385; x_wconf 87' lang='lat' dir='ltr'>sonat</span> <span class='ocrx_word' id='word_1_232' title='bbox 960 2354 1109 2386; x_wconf 87' lang='lat' dir='ltr'>caussa</span> <span class='ocrx_word' id='word_1_233' title='bbox 1138 2341 1245 2385; x_wconf 90' lang='lat' dir='ltr'>haec</span> <span class='ocrx_word' id='word_1_234' title='bbox 1262 2342 1356 2399; x_wconf 87' lang='lat' dir='ltr'>fuit,</span> <span class='ocrx_word' id='word_1_235' title='bbox 1387 2343 1605 2399; x_wconf 76' lang='lat' dir='ltr'>quod&#39;no—</span> 
     </span>
     <span class='ocr_line' id='line_1_31' title="bbox 204 2410 1625 2468; baseline 0.001 -14"><span class='ocrx_word' id='word_1_236' title='bbox 204 2425 301 2455; x_wconf 89' lang='lat' dir='ltr'>men</span> <span class='ocrx_word' id='word_1_237' title='bbox 331 2413 373 2455; x_wconf 90' lang='lat' dir='ltr'>in</span> <span class='ocrx_word' id='word_1_238' title='bbox 404 2411 541 2454; x_wconf 82' lang='lat' dir='ltr'>Attica</span> <span class='ocrx_word' id='word_1_239' title='bbox 571 2412 780 2467; x_wconf 83' lang='lat' dir='ltr'>vulgatius</span> <span class='ocrx_word' id='word_1_240' title='bbox 819 2412 1023 2468; x_wconf 83' lang='lat' dir='ltr'>placebat.</span> <span class='ocrx_word' id='word_1_241' title='bbox 1084 2411 1188 2454; x_wconf 88' lang='lat' dir='ltr'>Nam</span> <span class='ocrx_word' id='word_1_242' title='bbox 1230 2410 1497 2457; x_wconf 74' lang='grc' dir='ltr'><strong><em>Θιόκιιστοι</em></strong></span> <span class='ocrx_word' id='word_1_243' title='bbox 1535 2419 1625 2456; x_wconf 49' lang='lat' dir='ltr'>aut,</span> 
     </span>
     <span class='ocr_line' id='line_1_32' title="bbox 206 2478 1603 2536; baseline 0.002 -14"><span class='ocrx_word' id='word_1_244' title='bbox 206 2486 419 2523; x_wconf 84' lang='lat' dir='ltr'>extremae</span> <span class='ocrx_word' id='word_1_245' title='bbox 450 2481 600 2524; x_wconf 83' lang='lat' dir='ltr'>aetatis</span> <span class='ocrx_word' id='word_1_246' title='bbox 632 2486 729 2523; x_wconf 90' lang='lat' dir='ltr'>sunt</span> <span class='ocrx_word' id='word_1_247' title='bbox 748 2486 818 2523; x_wconf 78' lang='lat' dir='ltr'>aut</span> <span class='ocrx_word' id='word_1_248' title='bbox 840 2492 927 2523; x_wconf 90' lang='lat' dir='ltr'>non</span> <span class='ocrx_word' id='word_1_249' title='bbox 944 2480 1081 2536; x_wconf 83' lang='lat' dir='ltr'>Attici,</span> <span class='ocrx_word' id='word_1_250' title='bbox 1101 2480 1230 2523; x_wconf 83' lang='lat' dir='ltr'>veluti</span> <span class='ocrx_word' id='word_1_251' title='bbox 1242 2480 1390 2534; x_wconf 79' lang='lat' dir='ltr'>Papius</span> <span class='ocrx_word' id='word_1_252' title='bbox 1410 2478 1603 2525; x_wconf 75' lang='grc' dir='ltr'><strong><em>Θεόκτι-</em></strong></span> 
     </span>
     <span class='ocr_line' id='line_1_33' title="bbox 206 2550 985 2605; baseline -0.003 -12"><span class='ocrx_word' id='word_1_253' title='bbox 206 2565 319 2594; x_wconf 74' lang='grc' dir='ltr'><strong><em>στον</em></strong></span> <span class='ocrx_word' id='word_1_254' title='bbox 349 2550 466 2592; x_wconf 85' lang='lat' dir='ltr'>Ieten</span> <span class='ocrx_word' id='word_1_255' title='bbox 507 2551 549 2592; x_wconf 91' lang='lat' dir='ltr'>in</span> <span class='ocrx_word' id='word_1_256' title='bbox 582 2550 772 2594; x_wconf 88' lang='lat' dir='ltr'>ordinem</span> <span class='ocrx_word' id='word_1_257' title='bbox 814 2550 985 2605; x_wconf 83' lang='lat' dir='ltr'>recepit.</span> 
     </span>
    </p>

    <p class='ocr_par' dir='ltr' id='par_1_7' title="bbox 204 2617 1611 2817">
     <span class='ocr_line' id='line_1_34' title="bbox 294 2617 1605 2679; baseline 0.002 -18"><span class='ocrx_word' id='word_1_258' title='bbox 294 2619 363 2676; x_wconf 80' lang='grc'>23,</span> <span class='ocrx_word' id='word_1_259' title='bbox 403 2618 458 2661; x_wconf 88' lang='grc'>13</span> <span class='ocrx_word' id='word_1_260' title='bbox 507 2620 739 2679; x_wconf 78' lang='grc' dir='ltr'><strong><em>παρέχει</em></strong></span> <span class='ocrx_word' id='word_1_261' title='bbox 782 2617 960 2675; x_wconf 76' lang='grc' dir='ltr'><strong><em>ὥσπερ</em></strong></span> <span class='ocrx_word' id='word_1_262' title='bbox 1004 2628 1126 2668; x_wconf 76' lang='grc' dir='ltr'><strong><em>τοῖς</em></strong></span> <span class='ocrx_word' id='word_1_263' title='bbox 1165 2619 1393 2676; x_wconf 73' lang='grc' dir='ltr'><strong><em>λῃσταῖς</em></strong></span> <span class='ocrx_word' id='word_1_264' title='bbox 1431 2622 1605 2664; x_wconf 76' lang='grc' dir='ltr'><strong><em>ἐπισι-</em></strong></span> 
     </span>
     <span class='ocr_line' id='line_1_35' title="bbox 205 2684 1603 2746; baseline 0 -13"><span class='ocrx_word' id='word_1_265' title='bbox 205 2684 410 2746; x_wconf 76' lang='grc' dir='ltr'><strong><em>τισμὸν</em></strong></span> <span class='ocrx_word' id='word_1_266' title='bbox 444 2719 456 2731; x_wconf 91' lang='grc'><strong>.</strong></span> <span class='ocrx_word' id='word_1_267' title='bbox 489 2718 499 2731; x_wconf 89' lang='grc'><strong>.</strong></span> <span class='ocrx_word' id='word_1_268' title='bbox 534 2689 563 2746; x_wconf 90' lang='grc'>.]</span> <span class='ocrx_word' id='word_1_269' title='bbox 597 2689 711 2739; x_wconf 83' lang='lat' dir='ltr'>Haec</span> <span class='ocrx_word' id='word_1_270' title='bbox 739 2690 871 2733; x_wconf 85' lang='lat' dir='ltr'>verba</span> <span class='ocrx_word' id='word_1_271' title='bbox 902 2690 1123 2745; x_wconf 87' lang='lat' dir='ltr'>ancipitem</span> <span class='ocrx_word' id='word_1_272' title='bbox 1152 2687 1405 2733; x_wconf 86' lang='lat' dir='ltr'>intellectum</span> <span class='ocrx_word' id='word_1_273' title='bbox 1436 2690 1603 2733; x_wconf 84' lang='lat' dir='ltr'>babent.</span> 
     </span>
     <span class='ocr_line' id='line_1_36' title="bbox 204 2759 1611 2817; baseline 0.001 -16"><span class='ocrx_word' id='word_1_274' title='bbox 204 2760 431 2803; x_wconf 83' lang='lat' dir='ltr'>Audiamus</span> <span class='ocrx_word' id='word_1_275' title='bbox 462 2761 681 2817; x_wconf 84' lang='lat' dir='ltr'>editorem,</span> <span class='ocrx_word' id='word_1_276' title='bbox 713 2763 783 2815; x_wconf 85' lang='lat' dir='ltr'>qui</span> <span class='ocrx_word' id='word_1_277' title='bbox 813 2762 853 2803; x_wconf 90' lang='lat' dir='ltr'>in</span> <span class='ocrx_word' id='word_1_278' title='bbox 886 2761 1100 2803; x_wconf 88' lang='lat' dir='ltr'>Addendis</span> <span class='ocrx_word' id='word_1_279' title='bbox 1130 2759 1236 2801; x_wconf 88' lang='lat' dir='ltr'>haec</span> <span class='ocrx_word' id='word_1_280' title='bbox 1264 2763 1451 2816; x_wconf 87' lang='lat' dir='ltr'>scripsit:</span> <span class='ocrx_word' id='word_1_281' title='bbox 1485 2759 1611 2815; x_wconf 84' lang='lat' dir='ltr'>„Hy--</span> 
     </span>
    </p>
   </div>
  </div>
 </body>
</html>
