1795 3218
204 233 271 282 36
695 237 1080 283 SCHOLIA.

290 357 410 400 Nunc
441 364 732 414 argumentum
775 361 977 403 orationis
1020 359 1162 415 paucis
1200 359 1389 414 eloquar.
1428 360 1597 404 Orditur

203 427 437 483 Hyperides
469 440 492 470 a
523 429 740 472 miratione
770 430 834 472 rei
865 442 1003 473 novae
1035 435 1078 472 et
1108 429 1330 486 indignae,
1361 429 1475 484 quod
1507 431 1600 473 εἷσ-

205 498 393 556 αγγελίᾳ
426 501 513 553 peti
539 501 620 542 iam
650 500 814 543 soleant
842 512 949 555 non,
980 504 1027 542 ut
1045 499 1177 556 olim,
1218 499 1446 554 perniciosi
1486 499 1601 542 cives

206 574 248 612 et
280 582 525 625 magnorum
555 571 811 627 reipublicae
841 571 1088 615 damnorum
1119 577 1335 629 auctores,
1366 571 1443 616 sed
1472 571 1519 627 ii,
1551 573 1601 612 ad
1625 597 1629 600 -

205 652 387 694 quorum
433 641 594 684 leviora
639 646 813 695 peccata
854 643 924 684 lex
966 655 1076 697 quae
1117 648 1207 684 erat
1247 642 1301 685 de
1345 642 1603 698 εἰσαγγελίᾳ

204 711 327 764 plane
359 723 446 754 non
477 712 721 765 pertineret.
796 711 842 752 In
874 724 957 766 quo
989 712 1087 753 illud
1125 712 1305 753 maxime
1345 716 1471 765 urget
1511 710 1601 766 Hy-

203 781 398 837 perides,
430 787 474 823 ut
490 814 502 836 ,
534 781 648 836 quod
679 782 721 823 in
751 781 944 836 populari
973 786 1083 824 statu
1126 782 1300 824 civitatis
1341 781 1600 835 potissimum

205 851 279 905 sit,
310 851 451 905 legum
483 851 701 905 imperium
747 851 957 894 incolume
999 856 1279 893 conservetur
1314 848 1477 904 suaque
1507 850 1601 893 sin-

205 919 312 974 gulis
342 920 585 963 criminibus
615 926 781 963 constet
811 921 920 963 actio
951 920 1117 974 legibus
1155 912 1340 962 sancitas
1379 916 1462 963 τὸν
1504 921 1597 967 εἰς·
1667 959 1670 961 ,

206 986 477 1044 αγγελτικὸν
516 995 654 1032 autem
699 986 850 1043 νόμον
892 1002 978 1032 non
1022 989 1176 1032 cadere
1220 991 1270 1031 in·
1301 990 1602 1044 Euxenippum,

205 1057 417 1100 hominem
457 1060 665 1113 privatum
712 1064 753 1101 et
793 1059 837 1100 in
882 1063 1099 1101 oratorum
1149 1058 1341 1101 ordinem
1391 1070 1603 1113 nunquam

204 1126 439 1171 admissum.
508 1130 624 1185 Ergo
656 1142 787 1184 prave
818 1129 1007 1172 adhiberi
1045 1129 1098 1171 ad
1129 1142 1224 1172 eum
1265 1130 1317 1172 ab
1355 1135 1604 1173 accusatore

205 1199 336 1239 verba
367 1199 497 1254 legis,
531 1212 640 1253 quae
671 1199 960 1256 εἰσαγγελίαν
989 1198 1079 1241 fieri
1107 1199 1249 1241 iubeat
1279 1196 1363 1243 ἐοῖν
1406 1214 1475 1247 τις
1508 1195 1603 1257 ῥή-

204 1284 311 1323 τωρ
342 1264 411 1311 ὧν
440 1264 509 1325 μή
540 1268 649 1326 λέγῃ
685 1265 742 1312 τοὶ
783 1265 944 1324 ἄριστα
976 1269 1035 1326 τῷ
1068 1265 1196 1323 δήμῳ
1228 1268 1288 1325 τῷ
1329 1263 1603 1325 Ἀθηναίων

204 1335 423 1396 χρήματα
455 1338 726 1395 λαμβάνων.
769 1337 988 1380 Accedere
1007 1337 1059 1379 ad
1074 1337 1181 1379 hanc
1199 1337 1455 1391 iniquitatem
1470 1337 1603 1391 aliam,

206 1407 319 1461 quod
349 1407 603 1462 Polyeuctus
641 1407 800 1450 iudices
832 1412 947 1450 vetet
986 1406 1083 1449 illud
1133 1406 1373 1449 concedere
1411 1417 1519 1455 reo,
1557 1412 1605 1448 ut

205 1477 400 1519 advocati
431 1483 473 1520 et
503 1478 623 1520 amici
654 1490 730 1533 pro
758 1478 828 1521 illo
861 1490 1050 1522 caussam
1082 1482 1205 1520 orent
1243 1482 1286 1520 et
1314 1477 1602 1532 Euxenippum

204 1550 339 1603 ipsum
369 1548 500 1590 verba
530 1548 674 1591 facere
706 1555 844 1605 cogat.
917 1548 1051 1591 Aliter
1088 1548 1221 1602 ipsum
1260 1547 1530 1603 Polyeuctum
1563 1552 1605 1589 et

204 1619 247 1660 in
279 1618 368 1661 aliis
400 1617 559 1661 caussis
600 1620 741 1673 egisse
788 1619 925 1673 arguit
968 1617 1223 1674 Hyperides,
1267 1630 1360 1659 cum
1401 1622 1603 1672 patronos

206 1690 284 1733 sibi
316 1689 530 1744 asciverit,
565 1694 606 1732 et
635 1690 677 1731 in
700 1689 779 1731 hac
809 1690 897 1744 ipsa
929 1702 1077 1731 caussa
1108 1700 1202 1730 cum
1243 1701 1299 1730 ex
1339 1688 1461 1732 animi
1497 1701 1601 1730 sen-

205 1760 331 1801 tentia
363 1759 536 1801 crimina
569 1760 807 1803 criminibus
838 1760 1104 1803 conseruisse
1145 1764 1229 1801 tum
1259 1759 1495 1814 Lycurgum
1527 1760 1604 1802 sibi

205 1830 479 1885 assumpsisse
510 1830 684 1886 socium,
716 1829 927 1873 hominem
957 1835 1000 1872 et
1028 1830 1070 1871 in
1101 1829 1280 1871 dicendo
1299 1829 1602 1872 exercitatissi-

206 1913 318 1941 mum
350 1900 532 1954 nullique
563 1901 605 1941 in
636 1900 742 1942 urbe
773 1900 1001 1943 secundum
1044 1906 1086 1942 et
1112 1901 1316 1942 maximae
1350 1894 1602 1958 apud‘iudi-

206 1982 279 2012 ces
312 1970 582 2012 auctoritatis.
646 1969 813 2012 Scilicet
843 1970 1018 2024 capitale
1049 1970 1207 2012 crimen
1240 1969 1282 2010 in
1313 1980 1360 2011 se
1390 1967 1605 2011 admisisse

205 2040 495 2094 Euxenippum
525 2040 567 2081 in
598 2039 870 2082 accusatione
900 2052 1064 2094 ponere
1095 2040 1380 2094 Polyeuctum.

296 2125 398 2167 Tum
448 2125 613 2169 demum
653 2125 769 2170 iubet
821 2132 967 2170 orator
1013 2125 1173 2170 iudices
1219 2126 1381 2182 singula
1431 2126 1603 2182 crimina

208 2202 406 2238 accurate
439 2198 678 2238 examinare
726 2203 956 2252 narratque
999 2197 1094 2252 quid
1138 2197 1318 2251 populus
1359 2196 1605 2249 Euxenippo

206 2265 394 2308 muneris
424 2265 694 2321 imposuerit,
738 2267 806 2307 ille
853 2266 1065 2321 quomodo
1107 2277 1161 2308 eo
1200 2265 1366 2308 functus
1388 2264 1485 2321 sit,
1516 2264 1603 2306 Po-

206 2337 399 2391 lyeuctus
450 2341 590 2378 autem
641 2348 695 2378 ex
736 2336 889 2378 iudicio
932 2337 1076 2390 priore
1130 2335 1305 2378 inferior
1350 2335 1602 2379 discesserit.

208 2406 339 2455 Quem
370 2418 446 2460 par
477 2405 606 2449 fuisse
640 2407 822 2450 —serio
848 2407 1034 2462 loquitur
1053 2430 1122 2463 —‚
1155 2406 1189 2449 si
1220 2405 1427 2448 diffideret
1456 2405 1604 2448 Euxe-

205 2585 432 2628 Πολύευκτος
459 2588 732 2636 Καλλικράτους
756 2586 995 2634 εΕστιαιοί9ιιτν,
1015 2589 1119 2626 culus
1145 2588 1498 2626 senatusconsultum
1522 2588 1604 2624 vide

206 2649 302 2696 apud
327 2647 492 2684 Boeckh.
519 2649 564 2684 de
586 2661 625 2684 re
652 2649 768 2684 navat.
793 2648 877 2685 Ath.
899 2663 921 2697 p
956 2651 1038 2688 534.
1054 2651 1125 2687 212
1146 2662 1199 2697 sq.
1226 2648 1297 2684 Sed
1324 2648 1407 2685 licet
1427 2648 1601 2685 Hestiaea

207 2721 322 2756 pagus
349 2715 385 2747 et
409 2709 490 2757 ipse
516 2709 691 2757 Aegeidis
719 2709 833 2745 tribus
864 2710 990 2755 suerit,
1031 2709 1218 2746 hominem
1258 2708 1422 2756 ignotum
1463 2719 1538 2743 non
1566 2707 1602 2743 in

208 2782 358 2806 censum
388 2771 605 2807 vocaverim.
