1795 3218
663 189 1174 235 PRAEFATIO.
1582 200 1629 230 xi

231 316 516 371 tionibusque
546 317 742 362 bre-viter
778 318 1008 362 disseram.
1094 316 1231 371 lgitur
1280 316 1368 359 Ios.
1405 316 1625 359 Ardeniuc-

231 411 343 442 cum,
368 411 490 443 anno
526 397 800 444 MDCCcuL
836 412 917 454 per
952 398 1136 442 orientis
1184 400 1327 440 terras
1364 398 1626 452 peregrina-

232 483 382 532 retur,
415 491 721 534 papyraceum
753 483 966 524 volumen
1000 494 1029 524 a
1063 480 1242 523 duobus
1278 479 1502 522 Arabibus
1538 481 1623 522 sibi

231 563 429 606 oblatum
464 560 655 605 redemit
690 561 795 605 satis
832 561 954 605 tenui
990 573 1073 617 pro
1111 560 1274 604 virtute
1308 560 1470 616 pretio.
1556 561 1625 605 llli

228 644 274 685 in
307 641 570 685 effodiendis
604 646 648 686 et
678 643 1009 698 perscrutandis
1044 643 1260 697 sepulcris
1299 643 1420 685 circa
1450 642 1626 686 Thebas

231 747 299 754 -—
323 723 460 767 hodie
498 722 684 768 Gourou
722 726 950 781 appellant
980 749 1043 758 —
1076 725 1316 780 Aegyptias
1345 726 1553 781 occupati
1577 726 1623 769 in

229 805 510 860 sarcophago
547 809 841 862 reppererunt
876 807 997 857 eius,
1033 806 1194 858 credo,
1239 807 1316 860 qui
1354 821 1436 863 per
1487 808 1623 850 vitam

229 887 483 941 Hyperiden
538 888 585 929 in
631 888 735 929 sinu
795 889 1024 940 gestasset.
1120 886 1319 929 Schedas
1370 888 1625 931 Londinum

231 968 482 1022 asportatas
518 978 620 1009 cum
656 968 701 1009 et
742 965 842 1009 aliis
876 964 1137 1012 bominibus
1165 965 1368 1011 litteratis
1399 967 1623 1011 ostendis-

229 1050 296 1090 set
331 1059 589 1101 possessor,
625 1052 669 1090 et
702 1047 903 1091 samueli
938 1046 1133 1099 Birchio,
1171 1049 1208 1090 is
1241 1050 1458 1092 continuo
1493 1050 1626 1091 intel-

227 1131 359 1183 lexit,
395 1142 577 1173 omnem
614 1131 790 1174 illarum
813 1130 1031 1181 habitum,
1062 1130 1309 1181 materiem,
1342 1131 1625 1186 scripturam,

228 1222 484 1253 mensuram
522 1211 637 1253 adeo
677 1221 926 1263 congruere
948 1221 1050 1251 cum
1074 1209 1359 1262 Harrisianis‚
1396 1213 1444 1252 ut
1478 1213 1624 1252 utras-

228 1304 314 1346 que
351 1291 550 1334 eiusdem
588 1290 695 1334 olim
729 1290 970 1333 voluminis
1008 1290 1145 1333 fuisse
1167 1293 1419 1344 appareret.
1490 1290 1622 1335 Utra-

229 1384 315 1426 que
351 1383 454 1426 pars
491 1375 669 1426 reperta
698 1371 861 1415 codem
885 1374 1089 1426 tempore
1112 1372 1320 1425 locoque,
1345 1371 1622 1427 Hyper-ideas

228 1452 456 1496 orationes
502 1453 745 1507 complexa
788 1455 1004 1506 utraque,
1059 1465 1316 1507 quanquam
1359 1438 1409 1495 'in
1461 1456 1620 1496 neutra

228 1544 395 1578 nomen
430 1533 659 1588 scriptoris
696 1534 1006 1589 consignatum
1054 1537 1133 1577 est.
1216 1533 1303 1577 Sed
1340 1534 1396 1576 de
1434 1536 1619 1577 auctore

145 1679 147 1681 η
228 1613 445 1658 dubitatio
490 1614 622 1667 plane
658 1615 782 1657 nulla
828 1615 993 1668 poterit
1033 1625 1132 1657 esse
1175 1614 1213 1656 si
1250 1615 1348 1668 quis
1386 1615 1623 1668 prooemia

227 1698 361 1750 atque
393 1694 566 1737 scholia
602 1697 756 1739 nostra
792 1696 1141 1750 perlustraverit.

327 1779 422 1822 Iam
458 1777 568 1821 illud
607 1776 717 1821 felix
753 1782 819 1821 est
860 1782 905 1821 et
939 1779 1121 1832 elegans
1155 1779 1387 1821 inventum
1420 1778 1620 1833 Babing-

228 1861 369 1911 tonis,
404 1863 495 1903 tres
530 1859 630 1902 illas
664 1860 898 1903 columnas
934 1860 1217 1904 Harrisianas
1253 1873 1281 1904 a
1316 1872 1477 1904 caussa
1503 1861 1620 1904 llar-

227 1940 373 1997 palica
405 1939 630 1985 editorum
666 1950 889 1984 consensu
923 1940 1126 1984 omnium
1163 1941 1333 1984 alienas
1358 1940 1620 1996 Lycophro-

228 2036 341 2066 neae
378 2023 597 2067 orationis
629 2023 853 2077 superiori
887 2036 985 2066 esse
1020 2024 1160 2078 parti,
1206 2035 1322 2077 quae
1366 2024 1411 2065 in
1463 2023 1620 2066 codice

227 2104 425 2147 abscissa
461 2105 554 2154 est,
592 2102 895 2147 vindicandas.
965 2104 1020 2149 Ut
1056 2105 1126 2147 vel
1162 2103 1267 2147 inde
1289 2103 1481 2147 eundem
1509 2105 1620 2148 olim

227 2185 364 2227 fuisse
394 2183 595 2227 codicem
632 2183 860 2227 clarescat.
933 2183 1142 2228 Ceterum
1178 2173 1281 2228 cum
1318 2185 1465 2229 editor
1500 2183 1619 2229 Can-

227 2265 508 2319 tabrigiensis
544 2264 746 2308 codicem
793 2267 973 2308 secutus
1013 2265 1231 2309 orationis
1266 2265 1617 2320 Lycophroneae

228 2362 344 2404 quae
381 2351 533 2392 extant
569 2349 895 2403 praeposuerit,
926 2350 1035 2392 mihi
1064 2350 1177 2392 ordo
1206 2348 1492 2391 invertendus
1522 2352 1619 2390 erat

228 2437 481 2490 propterea,
517 2433 639 2489 quod
674 2434 971 2487 expectabam
1006 2433 1249 2487 imaginem
1284 2431 1452 2476 codicis
1482 2433 1618 2476 litho-

228 2519 387 2573 graphi
409 2523 504 2563 arte
530 2518 761 2571 redditam,
781 2518 837 2562 ad
865 2530 998 2573 quam
1023 2519 1252 2574 exigerem
1278 2520 1379 2562 loca
1401 2519 1618 2571 mutilata,

229 2605 389 2659 quibus
420 2606 563 2649 altera
593 2605 740 2648 oratio
777 2616 921 2659 paene
949 2606 1150 2649 vacabat.
1217 2604 1329 2647 Eam
1353 2605 1487 2658 igitur
1522 2604 1615 2657 pri-

226 2698 348 2731 mam
384 2687 665 2742 typographo
702 2686 874 2732 tradidi.
939 2686 1017 2742 Et,
1054 2690 1100 2736 ut
1133 2687 1176 2731 id
1211 2686 1358 2731 statim
1392 2685 1619 2742 profitear,
