1795 3218
205 240 272 290 48
710 243 1097 290 SCHOLIA.

205 369 299 411 dem
331 370 502 411 secutus
532 365 771 409 Dindorfius
806 363 981 423 α’ληθὲς
1010 366 1190 410 retinuit.
1263 364 1357 408 Non
1396 366 1451 409 ita
1488 367 1595 411 Frid.

207 436 428 492 Frankius,
461 447 585 478 carus
621 435 790 490 amicus,
834 435 905 489 qui
946 435 1119 478 alterum
1146 436 1286 479 locum
1320 434 1480 488 addidit
1507 437 1599 481 De·-

205 506 352 550 mosth.
384 506 427 547 in
459 505 610 562 Polycl.
641 505 669 547 2
709 518 749 561 p.
784 502 898 547 1206
936 501 1229 563 ἐξελεγξάτω,
1275 502 1301 550 ὅ
1340 522 1385 550 τι
1427 503 1489 551 ἂν
1533 506 1602 562 μὴ

206 578 271 634 φῇ
314 593 375 631 με
416 572 572 632 α’ληθῆ
611 575 782 631 λέγειν,
820 574 892 616 ubi
922 580 1082 617 'rursus
1124 574 1364 619 Dindorfius
1411 570 1601 632 ἀληθές,

206 645 317 700 quod
348 644 440 688 fere
474 646 643 689 codices
663 651 832 700 praeter
864 645 908 689 Σ
936 645 1201 689 substituunt.
1264 646 1370 696 Quid
1392 645 1598 689 discrimi-

204 717 269 759 nis
300 717 355 758 sit
381 716 493 757 inter
525 713 700 770 ἀληθὲς
729 715 876 771 λέγειν
907 720 950 756 et
980 711 1139 773 α’ληθῆ
1169 731 1214 758 τι
1244 716 1393 772 λέγειν
1434 716 1503 759 vel
1532 728 1599 758 me

202 790 366 829 tacente
397 786 650 841 intelligitur.

292 857 333 914 8,
366 857 421 900 14
454 853 518 903 οὐ
549 854 811 914 ψήφισμα
830 857 985 916 ἐχρῆν
1009 874 1064 902 σε
1088 852 1294 914 πρὸςτὸ
1319 856 1601 903 ἐνύπνιον

203 928 459 986 γράφειν]
509 940 593 971 non
631 928 816 971 debebas
854 928 1117 984 rogationem
1152 929 1260 971 illam
1303 929 1355 971 ad
1404 930 1599 985 populum

205 1000 320 1042 ferre
351 1000 410 1041 ad
436 997 702 1054 (secundum)
733 1004 983 1041 nocturnum
1014 1000 1146 1043 visum
1176 999 1420 1055 Euxenippi‚
1450 1004 1497 1042 ut
1522 1000 1600 1042 tri-

206 1069 343 1111 bubus
374 1068 452 1110 illis
484 1068 738 1111 adimeretur
768 1068 896 1121 collis.

292 1138 334 1195 8,
368 1138 421 1182 15
453 1134 477 1183 ὁ
504 1133 771 1196 πρότερος
791 1138 932 1194 ἐμοῦ
952 1138 1141 1196 λέγων]
1173 1138 1598 1182 Demostb.decor.7

205 1206 262 1255 τοὶ
295 1210 381 1254 τοῦ
411 1208 625 1267 λέγοντος
655 1205 851 1264 ὑστέρου
880 1206 1045 1252 δίκαια.

294 1280 336 1335 8,
371 1277 426 1320 18
477 1274 801 1328 αὐτοτελές]
847 1276 1014 1320 Suidam
1055 1291 1087 1321 s.
1130 1292 1170 1319 v.
1216 1278 1337 1321 affert
1379 1278 1597 1335 Babingto.

205 1348 327 1392 Adde
357 1347 540 1391 Bekkeri
566 1346 675 1389 Ann.
707 1345 738 1401 Ι,
768 1345 855 1389 466
886 1346 942 1389 21
990 1342 1299 1404 αὐτοτελής
1330 1346 1478 1405 d'a'nvy:
1522 1344 1598 1403 ἀφ’

205 1413 263 1472 ’ἧς
292 1412 376 1462 οὐκ
406 1420 535 1462 ἔστιν
564 1416 897 1461 ἐκκαλέσασθαι
925 1410 992 1473 ἐφ’
1024 1417 1201 1473 ἑτέραν.
1243 1417 1319 1461 καὶ
1364 1414 1600 1464 αὐτοτε-

207 1492 294 1536 λὲς
322 1484 376 1531 τὸ
406 1485 562 1542 κύριον
592 1482 761 1535 ἁπλῶς.
827 1487 1021 1530 Similiter
1051 1487 1295 1541 Hesychius.

296 1559 338 1616 9,
368 1558 396 1602 4
449 1555 586 1609 τούς
626 1557 851 1618 ὁριστὰς
898 1556 1027 1611 τούς
1072 1558 1428 1619 πεντήκοντα
1470 1563 1595 1620 κτλ.]

208 1633 390 1675 Bekkeri
420 1631 530 1675 Ann.
556 1632 592 1688 J,
624 1631 724 1689 287,
758 1631 813 1675 18
856 1630 1148 1688 ‘optumis
1195 1627 1312 1693 ἀρχή
1353 1634 1424 1683 τίς
1460 1636 1599 1684 ἐστιν,

207 1701 308 1760 ἥτις
340 1698 536 1759 α’φώριζο
561 1700 618 1747 ‘coi
652 1702 745 1747 ἴδια
787 1703 862 1747 καὶ
904 1697 963 1747 τοὶ
1011 1700 1207 1758 δημόσια
1251 1697 1599 1759 οἰκοδομήματα

210 1768 323 1830 πρὸς
363 1767 421 1817 τοὶ
466 1772 609 1818 οἰκεῖα
654 1770 850 1817 ἑκάστου
890 1770 1068 1827 μέτρα,
1110 1768 1258 1828 ὥσπερ
1303 1788 1425 1821 τινες
1458 1769 1601 1820 ,ὄντες

205 1833 457 1899 γεωμέτραι
489 1841 563 1884 καὶ
599 1837 889 1900 ὀριοδεῑκτᾳι.
967 1839 1297 1896 Quinquaginta,
1343 1841 1511 1895 opinor,
1556 1847 1600 1884 ut

206 1913 313 1954 binis
344 1910 533 1953 tribubus
565 1910 662 1951 deni
691 1910 992 1964 prospicerent.

294 1981 334 2036 9,
367 1979 395 2024 8
427 1980 657 2037 ποιῆσαι
689 1989 810 2025 ταῖν
845 1981 997 2026 δυοῖν
1028 1981 1226 2037 φυλαῖν
1252 1976 1314 2024 τοὶ
1347 1977 1598 2037 διάφορα]

203 2053 436 2108 Epictetum
475 2051 641 2093 Enchir.
672 2051 741 2106 25,
774 2050 800 2092 4
831 2050 950 2093 affert
991 2051 1147 2094 editor:
1193 2048 1268 2100 δὸς
1298 2045 1387 2096 οὖν
1416 2048 1469 2095 τὸ
1500 2049 1601 2095 διὰ-

206 2137 366 2177 φορον,
394 2124 439 2165 εἴ
464 2137 535 2165 σοι
565 2122 806 2173 λυσιτελεῖ,
836 2118 945 2166 ὅσου
964 2123 1200 2175 πωλεῖται,
1228 2121 1422 2177 idemque
1442 2121 1598 2165 Alber-

204 2193 304 2234 tium
336 2191 387 2233 ad
418 2191 597 2246 Hesych.
628 2204 662 2235 s.
694 2204 734 2234 v.
767 2188 1005 2249 διάφορον.

295 2265 335 2318 9,
368 2264 422 2304 10
455 2262 603 2315 ἄξιος
632 2264 705 2319 εἴ]
738 2263 894 2318 Copula
926 2255 1078 2307 abesse
1109 2276 1193 2306 non
1223 2268 1361 2319 potest
1379 2275 1458 2304 nec
1475 2262 1596 2304 fidem

205 2334 390 2377 inveniat
422 2333 457 2375 si
489 2334 582 2388 quis
613 2333 666 2375 ad
695 2346 815 2376 usum
859 2346 897 2375 v.
931 2339 1119 2388 ἕτοιμος
1165 2333 1453 2388 pervulgatum
1491 2345 1600 2386 pro-

207 2404 387 2445 vocabit.
447 2402 536 2446 Nisi
568 2408 707 2445 tamen
737 2413 919 2457 papyrus
952 2401 1159 2457 obstaret,
1188 2401 1309 2445 facile
1340 2400 1596 2456 praeferrem

209 2473 320 2528 quod
339 2472 442 2517 Lud.
461 2473 644 2530 Langius
665 2479 809 2516 noster
822 2472 1086 2516 commendat
1104 2470 1274 2526 ἄξιον,
1293 2472 1387 2516 coll.
1401 2484 1439 2525 p.
1459 2471 1597 2527 15‚19.

294 2543 334 2596 9,
367 2543 424 2584 22
455 2544 721 2599 ταφῆναι]
751 2556 791 2585 v.
823 2548 928 2585 orat.
959 2542 1163 2598 Lycophr.
1194 2555 1233 2597 p.
1267 2541 1337 2596 30,
1372 2539 1437 2583 14.

304 2612 371 2668 10,
398 2612 425 2654 2
458 2615 522 2662 εἰς
553 2608 606 2657 τὸ
634 2609 852 2668 ἄγαλμα
882 2609 1253 2670 τῆς”Υγιείας]
1271 2611 1598 2667 MiseratOlym-

207 2685 316 2740 pias,
349 2683 522 2726 oraculo
562 2683 711 2738 opinor
754 2684 891 2739 aliquo
938 2686 1157 2728 somniove
1188 2684 1365 2743 monita,
1409 2683 1599 2739 phialam,

209 2767 317 2808 quae
354 2755 545 2799 sinistrae
587 2754 726 2798 manui
766 2760 927 2799 statuae
971 2755 1160 2810 Hygieae
1198 2755 1473 2798 insereret-ur:
1515 2765 1596 2795 ex-
