1795 3218
686 179 1068 225 SCHOLIA.
1508 171 1574 219 45

191 297 366 359 ἄπαγε·
407 304 456 346 ἐν
490 300 656 361 χιλίαις
702 296 747 346 δ’
788 298 812 345 ὁ
856 299 1081 350 κίνδυνος.
1135 296 1462 354 ἀσθενέστερος
1516 296 1577 340 εἶ·

192 379 286 420 τοῖς
316 369 532 432 ἄρχουσιν
562 373 756 428 ἐφηγοῦ·
787 371 924 417 τοῦτο
946 367 1221 425 ποιήσουσιν
1237 371 1412 412 ἐκεῖνοι.
1444 368 1580 423 φοβεῖ

192 441 464 486 καὶτοῦτο·
509 437 703 497 γράφου.
748 440 1040 495 καταμέμφει
1083 438 1276 483 σεαυτοῦ
1316 436 1388 479 καὶ
1437 437 1579 491 πένης

191 505 253 553 ὧν
284 508 362 553 οὐκ
393 506 454 554 ἄν
486 512 606 567 ἔχοις
634 509 785 567 χιλίας
814 512 1009 553 ἐκτῖσαι·
1055 504 1237 559 δικάζου
1267 506 1439 561 κλοπῆς
1468 499 1581 561 πρὸς

192 576 431 633 διαιτητήν
442 609 454 633 ,
467 637 470 639 q
484 578 556 622 καὶ
590 572 644 623 οὐ
676 574 995 623 κινδυνεύσεις.

285 647 401 705 5,17
433 653 485 695 ἑτ
501 635 734 708 αἰρικὸν
766 642 1087 704 συναγάγῃ]
1104 646 1166 689 De
1180 645 1423 701 ἑταιρείαις
1448 658 1577 701 prae-

194 724 259 762 ter
305 720 564 777 Kruegerum
598 720 769 775 Dionys.
811 717 1055 772 Historiogr.
1100 731 1137 772 p.
1170 716 1256 759 363
1287 729 1377 772 sqq.
1420 715 1580 759 consuli

192 795 331 844 potest
359 790 407 834 Η.
437 791 688 834 Buettnerus
718 790 761 831 in
790 788 970 843 eleganti
997 786 1134 830 libello
1166 786 1219 830 de
1249 786 1418 829 historia
1434 786 1578 842 politi-

192 872 332 902 carum
378 861 654 904 hetaeriarum
710 858 818 913 apud
864 857 1144 900 Athenienses
1187 857 1349 912 Lipsiae
1389 870 1424 898 a.
1464 855 1578 899 1840

194 931 319 974 edito.
381 931 484 972 Cum
514 931 694 971 dictione
728 925 949 981 Hyperidis
985 926 1060 967 cfr.
1102 926 1308 976 Plutarchi
1344 926 1521 980 Lysand.
1554 926 1580 966 5

195 996 463 1055 παροξύνων
501 992 708 1054 ἑταιρικά
757 995 1065 1041 συνίστασθαι
1095 999 1137 1037 et
1166 994 1245 1037 Dio
1275 993 1390 1038 Cass.
1424 993 1493 1050 37,
1525 993 1581 1035 57

191 1065 615 1124 συμφρονησοὶντων
643 1065 826 1111 ἐκείνων
856 1065 930 1109 καὶ
961 1062 1017 1109 τοὶ
1048 1061 1253 1121 ἑταιρικὰ
1292 1065 1417 1120 σφῶν
1456 1061 1581 1120 cifico-

194 1135 411 1195 λόγησαν.

281 1209 323 1267 6,
353 1210 380 1252 4
411 1212 462 1254 εἰ
493 1208 596 1259 τοὶς
627 1212 735 1266 μὲν
765 1204 940 1264 τιμοές
980 1210 1071 1253 καὶ
1105 1208 1204 1258 τὰς
1230 1207 1486 1264 ὠφελίας

196 1282 572 1338 καρποῦνται
603 1279 737 1335 κτλ.]
769 1279 904 1335 Haec,
934 1283 978 1321 ut
1007 1291 1092 1321 non
1122 1291 1219 1321 raro
1249 1279 1318 1334 fit,
1347 1279 1581 1321 inserviunt

195 1350 410 1395 dilatandis
441 1355 481 1393 et
511 1350 744 1393 accuratius
775 1349 1029 1405 explicandis
1059 1349 1345 1404 superioribus
1373 1349 1516 1392 verbis'
1542 1351 1582 1392 εἰ

195 1421 336 1466 ἄλλον
367 1417 471 1466 τινοῖ
511 1419 686 1477 τρόπον
725 1417 806 1464 τὸν
846 1416 995 1476 νόμον
1037 1420 1208 1465 τοῦτον
1247 1423 1434 1464 ἔθεσθε.
1499 1419 1582 1462 Sed

199 1492 404 1533 sententia
435 1497 481 1534 ut
510 1491 561 1536 ad
593 1495 779 1533 nostium
808 1502 966 1532 morem
996 1489 1195 1544 loquendi
1223 1478 1459 1546 redigatur,
1490 1490 1580 1545 Hy—

196 1562 363 1615 perides
394 1562 501 1604 male
526 1574 655 1605 sanos
687 1561 785 1603 dicit
813 1559 1111 1616 Athenienses,
1142 1561 1177 1602 si
1212 1561 1350 1615 legem
1380 1561 1435 1602 ita
1471 1561 1580 1603 scis-

195 1636 312 1686 sent,
345 1637 390 1673 ut
419 1643 512 1673 cum
541 1631 700 1673 fructus
732 1641 878 1673 omnes
910 1634 952 1671 et
980 1629 1168 1672 honores
1198 1630 1249 1672 ad
1269 1636 1458 1673 oratores
1474 1642 1578 1684 per-

193 1702 392 1757 tinerent,
423 1701 607 1756 pericula
631 1701 673 1741 in
704 1711 778 1742 eos
809 1699 880 1753 qui
910 1710 994 1740 non
1027 1704 1170 1742 essent
1200 1704 1392 1742 oratores
1420 1705 1576 1741 contu-

194 1772 349 1815 lissent.
409 1771 574 1814 Poterat
601 1770 727 1826 igitur
759 1769 907 1811 scribi:
948 1770 989 1812 εἰ
1026 1768 1114 1812 τῶν
1149 1764 1349 1826 ῥητόρων
1376 1785 1580 1825 καρπου-

193 1842 347 1897 μένων
380 1873 419 1883 ..
439 1874 448 1882 .
467 1871 477 1882 .
507 1836 783 1895 ἀνεθήκατε.
848 1837 929 1881 Sed
959 1850 1061 1881 usus
1085 1841 1150 1880 est
1180 1842 1322 1880 orator
1353 1850 1469 1879 more
1500 1850 1580 1880 ve—

194 1915 327 1952 terum
359 1907 607 1966 παρατά-ξει
638 1899 928 1951 membrorum.

285 1986 325 2041 6,
357 1986 386 2028 6
416 1983 682 2040 ἰδιώταις]
707 1985 909 2040 Babingto
931 1983 1049 2027 affert
1075 1995 1114 2038 p.
1131 1983 1235 2040 14,5
1259 1981 1442 2041 ἰδιώτην
1464 1982 1576 2028 ὄντα

197 2058 363 2113 κρίνεις
393 2059 442 2100 ἐν
471 2058 530 2112 τῇ
559 2058 641 2100 τοῦ
680 2055 868 2113 ῥήτορος
904 2053 1026 2105 τάξει
1070 2060 1110 2096 et
1148 2061 1252 2098 orat.
1292 2057 1333 2097 in
1368 2056 1581 2099 Demosth.

195 2127 237 2185 8,
261 2126 282 2170 l
318 2123 425 2174 οὐδὲ
454 2124 495 2185 γ’
523 2124 689 2185 ὁμοίως
719 2123 960 2172 ἀδικοῦσιν
992 2129 1036 2170 οἱ
1065 2125 1244 2171 ἰδιῶται
1272 2122 1500 2182 λαβόντες
1528 2123 1582 2170 τὸ

194 2198 379 2257 χρυσίον
423 2198 498 2243 καὶ
541 2201 583 2242 οἱ
622 2193 803 2256 ῥήτορες
833 2197 907 2241 καὶ
950 2199 994 2240 οἱ
1034 2196 1294 2252 στρατηγοί.
1347 2195 1580 2240 Aeschines

195 2268 396 2310 Timarch.
428 2268 468 2312 7.
499 2281 539 2323 p.
559 2268 587 2310 2
619 2264 676 2313 οὐ
705 2264 855 2324 μόνον
885 2266 986 2322 περὶ
1015 2267 1105 2311 τῶν
1135 2263 1334 2313 ἰδιωτῶν,
1363 2263 1477 2310 οἷλλοὶ
1503 2267 1578 2311 καὶ

197 2339 298 2394 περὶ
319 2339 409 2384 τῶν
436 2337 650 2397 ῥητόρων.
680 2337 784 2379 Vide
797 2336 1069 2380 Schoemann.
1091 2335 1143 2377 de
1162 2336 1297 2377 comit.
1318 2334 1411 2378 Ath.
1428 2348 1466 2389 p.
1481 2335 1578 2379 109.

284 2412 325 2467 6,
352 2411 380 2454 7
411 2405 700 2466 ἀνδρεῖος]
732 2410 841 2453 idem
860 2409 962 2456 vfere
991 2409 1031 2451 h.
1063 2410 1089 2451 l.
1139 2410 1249 2464 quod
1282 2409 1476 2465 θρασύς,
1503 2413 1580 2455 sed

198 2484 391 2537 praetulit
428 2487 567 2526 orator
605 2481 796 2525 consulto
833 2481 967 2524 lenius
1009 2480 1260 2523 vocabulum
1303 2488 1477 2537 propter
1515 2487 1579 2528 εἰ·

199 2549 406 2609 ρώνειαν.

286 2625 326 2683 6,
359 2624 413 2669 16
445 2623 792 2683 ἀφελέσθαι]
823 2624 961 2668 Paullo
998 2630 1095 2668 ante
1136 2621 1319 2680 ὑφελεῖν
1350 2626 1440 2669 τῶν
1470 2641 1580 2681 φευ-

196 2696 372 2754 γόντων
400 2692 484 2747 τοὶς
514 2691 766 2754 ἀπολογίας
783 2702 825 2739 et
838 2696 1042 2752 Lycophr.
1055 2709 1093 2750 p.
1105 2694 1174 2749 27,
1192 2693 1245 2736 13
1280 2691 1579 2750 ὑφαιρεῖσθαι
