1795 3218
691 198 960 261 suno-1.
986 199 1075 242 lA.
1512 193 1577 243 71

192 319 381 382 ἀζήμιος
410 317 474 380 ἦν
501 318 766 380 ‘Ruspe-&nc
791 326 845 367 ἐν
872 322 935 378 «ιῷ
964 319 1089 376 ’ὑπὲρ
1111 315 1410 376 Λυκόφρονος
1426 321 1584 378 φησίν,

191 393 266 437 cfr.
296 407 337 449 p.
367 392 437 444 27,
472 391 526 434 18
556 396 598 434 et
627 393 897 446 prooemium.

278 462 350 518 26,
381 461 564 504 6⁴1ko
608 458 1049 518 πεπραγμένων]
1092 458 1284 512 opposita
1312 453 1370 502 τοὶ
1402 474 1583 515 πεπρα-

188 534 340 592 γμένα
382 532 459 574 illis
509 541 619 585 quae
665 524 1037 587 καταψεύδονται
1083 531 1126 573 οἱ
1168 525 1427 586 κατήγοροι.
1500 528 1583 573 Sed

189 604 373 647 sortasse
411 598 468 645 τοὶ
499 599 814 657 πεπραγμένα
846 599 968 642 simul
1012 599 1346 655 complectuntur
1385 611 1436 641 ea
1471 611 1582 654 quae

190 672 284 726 quis
314 670 376 714 ad‘
395 669 683 714 defensionem
714 669 779 713 sui
810 672 1115 713 commentatus
1161 674 1226 713 est
1270 673 1312 712 et
1349 668 1580 725 meditatus,

190 747 413 797 antequam
441 742 484 783 in
514 740 709 783 iudicium
739 741 866 782 venit.

277 812 347 867 26,
381 810 435 854 14
474 807 919 866 ἀπολελεῖφθαι]
971 808 1093 859 Quod
1132 809 1338 865 Babin'gto
1381 814 1582 864 posuerat

190 875 507 937 ἅπολελῆσθαι
547 892 634 923 non
664 879 883 922 videbatur
924 879 1022 920 mihi
1061 880 1199 921 locum
1240 879 1398 921 habere
1437 890 1580 933 posse.

187 950 289 993 Nam
320 955 366 993 ut
396 950 521 993 fuerit
551 947 773 1004 aliquando
805 948 847 989 in
874 959 956 989 usu
987 943 1440 1000 ἅπολανθᾶνεσθαι,
1469 947 1584 1003 quod

188 1033 312 1076 quam
342 1021 395 1063 sit
425 1020 593 1062 dubium
634 1019 790 1073 patebit
831 1017 1045 1061 Schaeferi
1085 1023 1224 1059 notam
1253 1015 1306 1060 ad
1335 1017 1472 1073 Longi
1500 1018 1584 1060 Pa-

188 1090 344 1137 storall.
375 1089 415 1146 3,
449 1090 475 1132 7
509 1102 549 1144 p.
570 1088 657 1131 266
685 1088 831 1132 Seiler.
865 1088 1198 1143 inspicientibus,
1229 1089 1300 1143 qui
1320 1089 1457 1143 paullo
1485 1093 1582 1132 ante

186 1157 589 1208 ἐπιλανθάνονται
618 1158 809 1212 dixerat,
841 1156 950 1199 idem
981 1156 1021 1198 h.
1053 1157 1079 1201 1.
1110 1158 1364 1211 repetiturus
1396 1164 1506 1213 erat,
1546 1159 1582 1201 si

188 1229 392 1273 sententia
424 1229 629 1284 exigeret.
689 1227 782 1284 Ego
814 1239 919 1270 vero
949 1238 1061 1269 nunc
1092 1239 1176 1270 non
1207 1227 1289 1271 hoc
1325 1228 1406 1271 dici
1436 1229 1580 1286 credo,

188 1312 284 1341 eum
314 1300 386 1354 qui
415 1300 517 1354 περὶ
549 1299 640 1341 τῶν
669 1301 842 1351 ἔξωθεν
873 1296 1104 1352 διαβολῶν
1135 1295 1428 1356 ἀπολογεῖται
1468 1301 1580 1343 obli-

185 1371 289 1414 visci
320 1382 464 1413 eorum
493 1382 602 1425 quae
632 1368 684 1411 ad
713 1380 802 1411 rem
832 1367 1077 1423 pertineant,
1101 1393 1159 1399 —
1188 1381 1284 1411 nam
1304 1381 1433 1425 supra
1459 1372 1583 1415 timor

185 1440 470 1501 recordationi
502 1440 650 1484 oberat
679 1464 737 1472 —-
769 1438 844 1482 sed
874 1437 972 1481 dum
1002 1439 1045 1481 in
1075 1439 1153 1482 illis
1183 1444 1373 1483 moratur
1414 1440 1581 1497 diutius,

187 1510 362 1559 excludi·
382 1524 405 1553 a
436 1511 641 1555 diluendis
668 1511 745 1553 illis
777 1511 818 1552 in
849 1510 998 1564 quibus
1030 1510 1157 1553 cardo
1175 1512 1236 1554 rei
1263 1516 1461 1556 vertatur.
1489 1512 1579 1569 lgi-

156 1574 255 1624 .tut
282 1586 329 1626 ut
355 1581 503 1625 dicitur
543 1579 887 1628 ἀπολείπεσθαι
928 1584 971 1622 et
1010 1580 1252 1627 λείπεσθαι
1283 1583 1376 1629 τῶν
1412 1585 1580 1640 καιρῶν

185 1657 227 1696 et
256 1652 347 1697 τῶν
377 1647 664 1709 πραγμάτων
686 1651 841 1706 sitnm„
873 1651 928 1693 ita
956 1650 997 1693 h.
1014 1650 1040 1692 l.
1075 1652 1157 1706 τῆς
1174 1646 1443 1709 ἀπολογίας,
1470 1664 1580 1708 quae

186 1723 306 1779 quasi
335 1722 511 1766 elabitur
541 1726 585 1764 et
613 1720 826 1773 dicentem
848 1726 947 1774 post
983 1733 1033 1763 se
1071 1720 1279 1775 relinquit.
1352 1722 1466 1766 Alias
1504 1726 1578 1767 ἐκ·

183 1792 470 1847 κρουσθῆναι
500 1788 626 1838 τινός
669 1789 855 1831 similiter
893 1789 1055 1832 dicitur.
1131 1790 1202 1832 Vis
1245 1790 1428 1846 denique
1467 1804 1578 1847 quae

184 1862 281 1906 insit
309 1862 353 1904 in
383 1860 581 1904 infinitivo
609 1856 786 1916 perfecti
816 1859 936 1903 facile
967 1860 1297 1915 persentiscitur.
1369 1891 1374 1896 -

272 1933 343 1991 26,
376 1932 429 1977 15
461 1935 617 1989 οἴησι
631 1932 675 1990 ν]
704 1944 781 1975 cur
807 1933 1021 1976 maluerim
1053 1946 1177 1988 quam
1209 1935 1353 1990 οἴημα
1397 1933 1577 1978 reficere

184 2015 270 2046 non
302 2004 381 2046 erit
406 2004 646 2047 obscurum.
708 2003 792 2047 Sed
823 2004 999 2059 nequis
1031 2011 1230 2059 papyrum
1259 2004 1358 2048 illud
1388 2004 1577 2060 flagitare

185 2073 410 2118 arbitretur
427 2107 438 2129 ,
479 2073 647 2117 ultimae
697 2073 860 2119 litterae
910 2079 1039 2117 tenue
1091 2074 1302 2130 quoddam
1355 2076 1577 2133 vestigium

184 2148 339 2199 restat,
372 2143 485 2198 quod
516 2155 571 2186 ne
600 2156 625 2186 a
655 2160 684 2187 ν
715 2143 882 2198 quidem
911 2144 1086 2186 recedit.

273 2216 430 2274 26,19
470 2216 600 2264 οῖον
633 2218 726 2263 καὶ
758 2212 951 2269 αὐτὸς
979 2213 1184 2263 οὐτοσὶ
1219 2219 1331 2276 κτλ]
1369 2219 1573 2275 Babingto

186 2301 295 2345 quae
324 2288 367 2330 in
395 2287 610 2332 Addendis
632 2284 852 2344 proposuit
874 2287 1182 2344 supplementa,
1212 2289 1254 2330 in
1276 2290 1359 2331 imo
1384 2291 1573 2344 margine

184 2354 327 2403 nostro
343 2359 600 2414 perscripta,
631 2359 687 2401 ita
716 2357 871 2400 reddit:
904 2357 1011 2411 „and
1042 2357 1121 2400 this
1150 2358 1186 2400 is
1208 2357 1278 2400 the
1295 2371 1400 2415 very
1417 2359 1575 2416 feeling

183 2430 320 2472 which
349 2430 566 2486 Lycurgus
597 2428 777 2484 displays
807 2427 993 2470 towards
1035 2440 1102 2470 me
1143 2428 1186 2470 in
1225 2428 1289 2472 h1s
1320 2431 1575 2487 accusation,

184 2499 264 2542 and
296 2500 332 2543 is
361 2505 437 2544 not
465 2492 533 2544 fo‘r
560 2498 801 2555 permitting
830 2510 914 2554 any
953 2497 1002 2540 oi*
1040 2497 1112 2542 the
1150 2498 1378 2544 advocates
1417 2514 1474 2545 on
1505 2513 1575 2558 my

183 2570 273 2613 side
302 2575 347 2612 to
379 2570 531 2613 defend
561 2583 627 2613 me
656 2570 692 2612 if
715 2569 815 2625 they
844 2571 963 2612 claim
992 2575 1036 2613 to
1059 2571 1202 2626 speak‚
1232 2571 1301 2614 for
1321 2573 1356 2615 if
1376 2573 1476 2628 they
1502 2574 1569 2628 do,

182 2640 237 2684 he
267 2652 386 2685 vows
416 2640 503 2684 that
531 2642 585 2685 he
615 2640 698 2684 will
730 2640 783 2684 be
823 2640 894 2684 the
923 2641 1019 2688 tuin
1050 2640 1099 2684 of
1123 2641 1277 2685 them.“
1349 2642 1571 2697 comparat

184 2723 292 2765 quae
319 2715 417 2754 sunt
438 2717 552 2754 ,oi-at.
583 2712 809 2767 Euxenipp.
840 2710 919 2754 col.
951 2710 1023 2755 25.
1054 2710 1123 2754 26.
1156 2710 1226 2768 27,
1257 2713 1332 2756 sed
1365 2713 1494 2755 verba
1522 2718 1570 2756 ne

0 3117 203 3218 fl
541 3170 546 3186 k
