1795 3218
692 241 1074 289 SCHOLIA.
1517 235 1583 283 69

280 362 351 420 25,
376 361 395 405 1
430 362 773 417 Διώξιππος]
802 364 932 407 frater
961 361 1165 417 mulieris,
1194 361 1312 405 cuius
1342 361 1408 404 ille
1428 359 1585 417 κύριος

194 437 283 475 erat
311 433 476 477 viduae.
550 433 625 477 De.
644 433 727 478 hoc
756 433 1012 478 nobilissimo
1042 432 1316 488 pancratiasta
1347 441 1443 480 ταῖς
1481 434 1583 475 ἐπι-

172 500 501 556 φανεστάταις
543 503 694 554 νίκαις
738 502 1095 561 ἐστεφανωμένῳ
1128 501 1354 559 (Diodorus
1394 501 1474 544 Sic.
1517 499 1583 557 17,

196 568 293 629 100)
323 570 524 616 Aelianus
552 573 600 615 V.
631 572 680 617 H.
714 575 782 631 10,
811 574 868 617 22
898 569 1160 625 Διώξιππος
1189 567 1419 629 παρόντος
1449 570 1584 615 Ἀλε-

196 639 391 696 ξάνδρου
421 640 493 686 και
522 639 798 688 Μακεδόνων
829 641 1035 703 ῥόπαλον
1064 637 1222 701 λαβών
1241 639 1482 699 Κόρραγον
1500 636 1583 684 τόν

192 705 444 756 Μακεδόνα
474 707 674 769 οπλίτην
701 710 1035 773 μονομαχήσας
1063 713 1137 758 καὶ
1164 708 1406 769 ἐκκρούσας
1437 708 1584 754 αυτοῦ

189 772 244 822 'td
273 777 438 830 ξυστὸν
467 781 541 826 uoci
578 777 790 837 οἷρπασας
829 777 912 828 τὸν
948 779 1095 837 ανδρα
1139 779 1226 827 σύν
1256 781 1315 839 τῇ
1345 779 1584 836 πανοπλίᾳ

190 844 359 906 ἐπιβοὶς
386 849 463 895 ἐπὶ
492 846 574 895 τὸν
604 847 776 911 αυχένα
806 846 954 896 αὐτοῦ
984 852 1199 908 κειμένου
1226 845 1313 906 τὴν
1332 845 1582 907 μάχαιραι,

192 914 252 973 ἢν
297 915 555 974 υπέζωστο,
606 917 891 977 υφαρπάσας
947 915 1189 965 ἀπέκτεινε
1239 918 1324 963 τόν
1373 916 1586 971 ὁπλίτην.

193 985 401 1044 ἐμισήθη
430 988 478 1034 δὲ
509 985 961 1045 ὖπὸμἈλεξεὶνδρου·
992 987 1016 1032 ὁ
1038 987 1086 1032 δὲ
1113 983 1351 1043 απογνούς
1369 982 1427 1034 ὥς
1446 1000 1586 1041 μιση-

190 1056 300 1106 θεὶς
320 1053 418 1102 ὑπὸ
446 1054 753 1114 Ἀλεξάνδρου
775 1057 847 1103 καὶ
869 1052 1123 1114 ἀθυμήσας
1149 1053 1405 1101 ἀπέθανεν.
1464 1053 1586 1096 Adde

193 1123 451 1169 historiolam
463 1133 469 1146 ”
481 1126 534 1169 de
565 1126 770 1181 Dioxippo
810 1126 1095 1183 Olympionica
1136 1124 1203 1183 12,
1235 1124 1305 1169 58.
1377 1124 1582 1181 Babingto

193 1196 325 1239 attulit
353 1194 615 1239 Athenaeum
644 1195 708 1250 VI,
739 1194 848 1238 251ει
875 1192 1235 1254 Ἀριστόβουλος
1266 1195 1403 1252 φησὶν
1433 1192 1457 1238 ὅ
1478 1194 1586 1237 Κα-

198 1265 420 1322 σανδρεύς
464 1264 733 1319 Διώξιππον
774 1263 855 1312 τὸν
898 1264 1168 1322 Ἀθηναῖον
1208 1259 1586 1323 παγκρατιαστήν

192 1335 450 1392 τρωθέντος
494 1337 607 1380 ποτὲ
652 1336 737 1380 τοῦ
770 1330 1083 1392 Ἀλεξάνδρου
1114 1335 1186 1379 καὶ
1218 1339 1420 1392 αἵματος
1453 1333 1585 1392 ῥέον-

198 1420 275 1453 τος
304 1406 450 1450 εἰπεῖν

304 1474 434 1540 ’Ῑχώρ
466 1479 559 1531 οἶός
589 1482 675 1539 πέρ
703 1499 753 1528 τε
785 1483 873 1541 ῥέει
902 1480 1157 1540 μακάρεσσι
1188 1486 1381 1528 θεοῖσιν.

193 1560 397 1603 Uberiora
427 1559 481 1602 de
510 1560 705 1617 homine,
750 1574 875 1616 quem
902 1562 1086 1616 puqilem
1115 1561 1296 1619 nobilem
1325 1565 1368 1602 et
1396 1561 1448 1602 ob
1478 1562 1578 1602 exi-

190 1630 316 1671 miam
344 1629 536 1672 virtutem
561 1631 713 1672 virium
741 1632 836 1686 reqi
872 1630 1118 1674 Alexandro
1155 1635 1374 1686 pernotum
1403 1635 1445 1671 et
1472 1642 1582 1685 qra-

191 1704 276 1741 lum
304 1705 451 1755 vocat,
497 1699 663 1744 Curtius
692 1701 825 1743 Rufus
855 1701 922 1757 IX,
956 1700 1013 1743 29
1062 1706 1103 1744 et
1136 1701 1352 1755 Diogenes
1393 1700 1584 1743 Laertius

191 1768 382 1825 Diogene
416 1768 573 1825 Cynico
603 1770 667 1827 vt,
699 1769 755 1813 43
779 1775 821 1813 et
838 1769 909 1814 61.
969 1771 1099 1813 Pinxit
1115 1775 1220 1813 teste
1237 1770 1365 1813 Plinio
1381 1769 1430 1813 N.
1451 1770 1498 1812 H.
1512 1770 1581 1825 35,

194 1839 261 1896 11,
294 1839 377 1882 140
415 1839 683 1883 Alcimachus
721 1841 978 1895 Dioxippum
1017 1841 1091 1895 qui
1122 1841 1347 1895 pancratio
1392 1840 1583 1896 Olympia

192 1911 301 1955 citra
326 1911 514 1966 pulveris
542 1912 721 1965 iactum,
753 1912 866 1968 quod
891 1917 1047 1955 vocant
1076 1911 1246 1965 aconiti,
1276 1911 1391 1954 vicit.

278 1989 349 2045 25,
374 1988 401 2031 4
431 1986 733 2046 Εὐφραίου
762 1990 859 2037 τοῦ
887 1990 1358 2048 προσγυμναστοῦ
1387 1985 1580 2044 αὑτοῦ]

190 2059 395 2113 Harpocr.
425 2071 514 2102 s.v.
543 2060 855 2120 Δημοσθένης
881 2060 1136 2116 Φιλιππικῴ
1163 2055 1229 2103 θ’.
1259 2051 1397 2109 οὗτος
1422 2055 1582 2115 Ὠρεί-

190 2146 273 2187 της
300 2124 360 2186 ἦν
388 2125 440 2173 τό
469 2128 619 2185 γένος,
647 2130 837 2188 μετέσχε
882 2129 930 2174 δὲ
970 2130 1042 2174 καὶ
1081 2130 1162 2186 τῆς
1202 2125 1453 2178 Πλάτωνος
1482 2125 1581 2172 δια-

189 2200 366 2257 τριβῆς.
424 2197 611 2241 Eundem
652 2203 792 2241 tamen
831 2197 973 2242 dicere
1014 2198 1269 2255 Hyperidem
1314 2210 1398 2241 non
1440 2198 1581 2241 credo.

189 2269 435 2324 Euphraeus
468 2280 639 2323 compar
667 2268 744 2311 fuit
775 2268 987 2326 Dioxippi,
1017 2281 1196 2325 quocum
1224 2269 1420 2312 luctando
1450 2282 1580 2311 exer—

190 2336 393 2381 citabatur
407 2370 418 2393 ,
448 2338 513 2380 Itis
543 2338 918 2392 sellom-wrestler.
979 2341 1074 2384 Vox
1111 2353 1238 2383 nova:
1282 2339 1454 2380 verbum
1485 2338 1579 2380 for-

191 2415 305 2453 tasse
335 2407 483 2450 eodem
513 2409 723 2451 intellectu
752 2410 889 2464 posuit
921 2409 1101 2452 Galenus
1131 2409 1212 2451 vol.
1238 2409 1265 2451 6
1297 2420 1335 2463 p.
1367 2406 1426 2450 97
1464 2408 1579 2451 πολ-

190 2474 319 2529 λάκις
362 2478 687 2536 μεταβαλλέτω
725 2475 810 2524 τὸν
848 2475 1319 2535 προςγυιιιναζὸμενον
1349 2480 1399 2523 ἐν
1432 2475 1581 2536 τούτῳ

189 2550 251 2604 τῷ
282 2550 447 2607 καιρῷ,
491 2549 560 2592 ubi
601 2547 1043 2605 προγυμναζόμενον
1083 2554 1253 2604 praeter
1287 2548 1580 2592 necessitatem

189 2618 420 2674 corrigunt.
482 2619 560 2663 Alii
590 2617 946 2678 συγγυμναστήν
993 2626 1145 2665 vocant
1185 2634 1308 2677 quem
1349 2621 1579 2677 Hyperides

189 2689 599 2747 προσγυμνασιήν.

278 2760 347 2815 25,
378 2758 406 2801 9
437 2756 852 2819 ἄπαγχόμενος]
892 2760 1160 2817 Babingtonis
1191 2761 1419 2816 scripturae
1451 2757 1577 2805 εἶπα-
