1795 3218
657 225 1045 271 SCHOLIA.
1478 217 1545 268 39

156 347 229 392 καὶ
271 344 619 405 ὀνομαστοτάτη
658 351 706 393 ἐν
751 348 817 407 τῇ·
847 344 1037 393 Ἑλλάδι
1086 343 1258 409 ἐφάνη,
1298 343 1547 403 ἐθαύμασα

155 415 241 478 ὅτῳ
284 416 397 463 ποτὲ
436 413 589 477 τρόπῳ
633 414 757 462 τοῦτ’
800 419 990 476 ἐγένετο.
1061 416 1154 459 Νοη
1200 416 1367 458 multum
1409 416 1543 458 differt

154 489 357 544 Tyrtaeus
372 488 481 542 eleg.
501 486 541 543 8,
564 487 584 530 1
617 483 745 547 Ἀλλ’
772 486 1033 544 Ἠρακλῆος
1062 482 1392 543 γάροὶνικὴτου
1412 487 1545 542 γένος

153 559 252 603 ἐστέ
265 576 280 610 ,’
312 558 543 614 Θαρσεῖτε.
601 555 685 600 cfr.
717 556 920 612 Hartung.
949 557 1094 612 partic.
1127 567 1190 610 gr.
1220 554 1267 611 11,
1299 552 1369 598 39.
1432 554 1540 597 For-

152 631 264 668 tasse
295 626 542 681 Polyeuctus
572 626 670 668 dum
709 631 879 681 perorat
921 638 1093 680 gravem
1134 636 1324 668 caussam
1368 637 1462 667 esse
1500 630 1542 667 et

155 708 262 750 quae
290 697 549 755 εἰσαγγελίᾳ
578 686 824 740 vindicanda
856 701 969 740 esset
1007 695 1291 738 inculcaverat
1322 693 1540 738 iudicibus

242 766 282 822 3,
314 766 340 808 5
388 767 791 822 προσίστανται
823 764 956 822 ὑμῖν
988 770 1040 809 αἱ
1064 766 1329 809 τοιαῦται
1361 767 1542 820 εἰσαγ-

148 836 297 891 γελία
311 834 342 892 ι]
377 849 578 878 nauseam
607 836 726 878 vobis
755 841 799 877 et
826 836 1007 877 taedium
1037 831 1231 886 creant.
1258 831 1350 879 οἷπό
1389 850 1532 886 μετα-

151 906 294 961 φορᾶς
322 907 414 950 τῶν
444 909 495 949 ἐν
524 906 582 961 τῇ
610 902 772 960 βρώσει
803 906 980 958 ψωμῶν
999 904 1376 958 προσισταμένων
1407 903 1540 945 schol.

152 974 278 1028 Soph.
311 974 458 1016 Trach.
495 971 623 1016 1195.
653 972 847 1015 Libanius
879 973 962 1015 vol.
995 972 1060 1027 IV,
1078 971 1165 1014 410
1184 971 1232 1014 R.
1262 972 1541 1027 προσίστατο

150 1040 204 1088 τὸ
234 1040 512 1099 γιγνόμενον
541 1041 673 1099 ύμῖν,
703 1056 742 1083 v.
775 1041 988 1085 Schaefer.
1013 1042 1064 1084 ad
1088 1042 1259 1097 Dionys.
1284 1041 1328 1084 C.
1345 1043 1390 1085 V
1403 1055 1441 1096 p.
1457 1040 1537 1083 141

148 1120 191 1157 et
222 1126 347 1169 quem
378 1114 517 1156 locum
549 1113 678 1156 attulit
705 1113 905 1169 Babingto
936 1113 1000 1156 Ps.
1032 1113 1245 1156 Demosth.
1277 1125 1317 1167 p.
1344 1109 1538 1167 1393,16

150 1183 261 1229 ἄνευ
288 1184 370 1238 τῆς
402 1183 491 1226 τῶν
523 1178 784 1227 ἀκουόντων
814 1180 1023 1234 εὐνοίας,
1063 1180 1155 1226 κοῖν
1192 1179 1441 1240 υπερβάλη
1479 1184 1540 1239 τῷ

147 1254 295 1311 λέγειν
342 1253 511 1306 καλῶς,
557 1248 587 1309 ἦ
628 1253 718 1298 τῶν
767 1249 913 1309 λόγων
968 1247 1117 1296 πειθω
1166 1252 1392 1308 προσέστη
1444 1259 1539 1301 τοῖς

147 1338 413 1368 ακθυουσὶν.

234 1390 275 1447 3,
307 1390 334 1432 7
388 1388 734 1450 Τιμόμαχος]
756 1390 1038 1434 Acharnensis
1067 1395 1175 1434 teste
1201 1390 1332 1434 schol.
1354 1389 1537 1435 Aeschi-

143 1462 207 1505 nis
237 1474 275 1516 p.
308 1460 375 1517 17,
409 1460 460 1503 11
494 1462 630 1504 Turio.
661 1462 818 1506 αἰτίαν
848 1465 973 1521 ἔσχεν
1005 1459 1063 1510 ὥς
1100 1457 1352 1518 προδιδούς
1382 1459 1535 1507 Κότυὶ

142 1529 229 1588 τήν
275 1527 592 1588 Χερρόνησον·
635 1529 929 1588 κατεγνώσθη
974 1530 1021 1576 δὲ
1061 1527 1288 1577 θανάτου.
1330 1529 1475 1581 οὕτως
1510 1527 1535 1575 ό

146 1599 477 1652 Ἀπολλώνιος.
551 1603 861 1647 Demosthenes
907 1606 1199 1660 παραπρεσβ.
1247 1603 1331 1647 180
1366 1618 1406 1660 p.
1447 1603 1534 1647 397

140 1669 302 1727 ἡλίκον
334 1668 421 1722 ἔστ’
455 1667 656 1729 α’δίκημα
683 1669 734 1717 τό
755 1670 943 1729 Θρᾴκην
966 1673 1039 1716 καὶ
1065 1670 1121 1717 τοὶ
1146 1674 1269 1731 τείχη
1287 1676 1535 1729 προέσθαι,

139 1738 277 1796 μυρί’
325 1737 385 1786 ἄν
416 1743 486 1798 εἴη
517 1742 689 1798 λέγειν·
725 1744 796 1787 καὶ
836 1738 931 1786 ὅσοι
979 1738 1052 1787 διά
1095 1739 1224 1786 ταῦτ’
1269 1738 1531 1788 ἀπολώλασι

141 1808 249 1868 παρ’
280 1808 423 1868 ὑμῖν,
462 1817 506 1857 οἱ
542 1813 589 1858 δὲ
628 1811 839 1872 χρήματα
873 1811 1112 1868 πάμπολλ’
1144 1809 1428 1870 ὠφλήκασιν,
1476 1810 1531 1860 οὐ

138 1877 341 1947 χαλεπὸν
372 1881 534 1934 δεῖξαι,
562 1876 858 1938 Ἐργόφιλος,
887 1876 1231 1938 Κηφισόδοτος,
1271 1878 1463 1939 Τιμόμ
1476 1901 1530 1927 α-

137 1967 246 2008 χος.
306 1952 477 1994 Praeter
505 1951 683 1993 indicem
714 1951 982 1995 Turicensem
1013 1964 1051 2005 p.
1070 1949 1165 2006 132,
1188 1951 1215 1993 6
1243 1952 1317 1995 cfr.
1349 1952 1528 1995 Schnei—

138 2020 284 2063 derum
317 2021 368 2062 ad
398 2021 591 2076 Xenoph.
622 2021 713 2064 hist.
745 2035 808 2077 gr.
843 2022 881 2078 7,
917 2021 954 2078 1,
987 2020 1056 2064 41.

227 2090 281 2132 ib.
314 2089 686 2146 Λεωσθένης]
719 2092 911 2135 diversus
945 2093 1011 2134 ille
1043 2106 1065 2134 a
1096 2092 1202 2134 duce
1233 2092 1328 2134 belli
1350 2092 1528 2135 Lamiani

137 2160 332 2217 (quocum
354 2173 407 2202 ne
431 2162 522 2215 quis
548 2160 825 2203 confunderet
856 2162 964 2203 cavit
983 2162 1209 2205 Grauertus
1231 2160 1365 2204 Anall.
1389 2162 1526 2205 histo-

136 2232 208 2272 ric.
241 2236 282 2273 et
312 2231 461 2285 philon.
494 2244 534 2286 p.
566 2231 666 2289 233)
706 2227 802 2274 c'um
840 2245 929 2275 rem
963 2233 1014 2274 ad
1045 2232 1317 2287 Peparethum
1351 2233 1524 2275 insulam

135 2305 279 2342 contra
310 2299 594 2343 Alexandrum
624 2302 852 2344 Pheraeum
883 2302 989 2344 male
1020 2303 1242 2357 gessisset,
1284 2306 1328 2346 οἱ
1365 2297 1524 2358 Ἀθη-

134 2380 256 2415 ναῖοι
297 2360 668 2425 παροξυνθέντες
717 2371 805 2416 τοῦ
844 2371 1146 2418 Λεωσθένους
1190 2367 1247 2419 ὦς
1294 2367 1524 2426 προδότου

135 2437 351 2485 θάνατον
380 2440 669 2498 κατέγνωσαν
699 2441 772 2484 καὶ
805 2436 890 2497 τὴν
921 2435 1085 2485 ου’σίαν
1115 2435 1386 2498 ἐδήμευσαν,
1415 2441 1523 2484 Dio-

132 2510 262 2553 dorus
294 2512 372 2555 Sic.
402 2511 486 2569 XV,
517 2510 588 2554 95.
619 2510 788 2553 Factum
819 2510 860 2552 id
903 2509 964 2554 01.
998 2509 1097 2567 104,
1127 2510 1168 2555 4.

217 2581 274 2624 ib.
308 2580 738 2637 Καλλίστρατος]
789 2581 852 2623 De
893 2580 1126 2625 Callistrato
1170 2582 1395 2627 Callicratis
1435 2585 1518 2626 filio

129 2651 374 2707 Aphidnaeo
408 2642 712 2708 elegantissima
748 2656 861 2694 extat
897 2651 999 2695 Arn.
1046 2653 1259 2696 Schaeferi
1297 2666 1517 2695 commen-

129 2723 229 2764 tatio
263 2720 459 2777 Philologi
492 2722 577 2764 vol.
607 2720 671 2777 111,
704 2720 791 2763 57-‘7
806 2735 896 2777 sqq.
930 2722 1146 2778 Lyeurgus
1177 2724 1217 2764 in
1244 2723 1436 2766 Leocrat.
1460 2723 1517 2767 22
