<?xml version="1.0" encoding="UTF-8"?>
<!DOCTYPE html PUBLIC "-//W3C//DTD XHTML 1.0 Transitional//EN"
    "http://www.w3.org/TR/xhtml1/DTD/xhtml1-transitional.dtd">
<html xmlns="http://www.w3.org/1999/xhtml" xml:lang="en" lang="en">
 <head>
  <title>
</title>
<meta http-equiv="Content-Type" content="text/html;charset=utf-8" />
  <meta name='ocr-system' content='tesseract 3.04.00' />
  <meta name='ocr-capabilities' content='ocr_page ocr_carea ocr_par ocr_line ocrx_word'/>
</head>
<body>
  <div class='ocr_page' id='page_1' title='image "./4737197_0095.png"; bbox 0 0 1795 3218; ppageno 0'>
   <div class='ocr_carea' id='block_1_1' title="bbox 708 215 1593 268">
    <p class='ocr_par' dir='ltr' id='par_1_1' title="bbox 708 215 1593 268">
     <span class='ocr_line' id='line_1_1' title="bbox 708 215 1593 268; baseline -0.001 -2"><span class='ocrx_word' id='word_1_1' title='bbox 708 220 1087 268; x_wconf 85' lang='lat' dir='ltr'><strong>SCHOLIA.</strong></span> <span class='ocrx_word' id='word_1_2' title='bbox 1526 215 1593 265; x_wconf 89' lang='grc'><strong>65</strong></span> 
     </span>
    </p>
   </div>
   <div class='ocr_carea' id='block_1_2' title="bbox 184 341 1591 2792">
    <p class='ocr_par' dir='ltr' id='par_1_2' title="bbox 193 341 1591 1449">
     <span class='ocr_line' id='line_1_2' title="bbox 199 341 1590 402; baseline -0.001 -14"><span class='ocrx_word' id='word_1_3' title='bbox 199 346 325 402; x_wconf 78' lang='lat' dir='ltr'><strong>igitur</strong></span> <span class='ocrx_word' id='word_1_4' title='bbox 342 344 701 400; x_wconf 13' lang='lat' dir='ltr'><strong>*in-testamento,</strong></span> <span class='ocrx_word' id='word_1_5' title='bbox 732 349 776 387; x_wconf 90' lang='lat' dir='ltr'><strong>ut</strong></span> <span class='ocrx_word' id='word_1_6' title='bbox 806 345 842 387; x_wconf 88' lang='lat' dir='ltr'><strong>si</strong></span> <span class='ocrx_word' id='word_1_7' title='bbox 871 344 978 388; x_wconf 83' lang='lat' dir='ltr'><strong>filins</strong></span> <span class='ocrx_word' id='word_1_8' title='bbox 1008 350 1095 386; x_wconf 86' lang='lat' dir='ltr'><strong>non</strong></span> <span class='ocrx_word' id='word_1_9' title='bbox 1115 347 1239 387; x_wconf 87' lang='lat' dir='ltr'><strong>natus</strong></span> <span class='ocrx_word' id='word_1_10' title='bbox 1262 347 1373 386; x_wconf 85' lang='lat' dir='ltr'><strong>esset</strong></span> <span class='ocrx_word' id='word_1_11' title='bbox 1396 341 1448 385; x_wconf 89' lang='lat' dir='ltr'><strong>ad</strong></span> <span class='ocrx_word' id='word_1_12' title='bbox 1467 347 1590 386; x_wconf 85' lang='lat' dir='ltr'><strong>acto-</strong></span> 
     </span>
     <span class='ocr_line' id='line_1_3' title="bbox 198 413 1591 467; baseline -0.001 -9"><span class='ocrx_word' id='word_1_13' title='bbox 198 428 289 459; x_wconf 83' lang='lat' dir='ltr'><strong>res·</strong></span> <span class='ocrx_word' id='word_1_14' title='bbox 312 413 523 457; x_wconf 77' lang='lat' dir='ltr'><strong>hereditas</strong></span> <span class='ocrx_word' id='word_1_15' title='bbox 566 414 819 467; x_wconf 84' lang='lat' dir='ltr'><strong>perveniret.</strong></span> <span class='ocrx_word' id='word_1_16' title='bbox 879 415 1097 459; x_wconf 84' lang='lat' dir='ltr'><strong>Postumus</strong></span> <span class='ocrx_word' id='word_1_17' title='bbox 1139 414 1335 457; x_wconf 87' lang='lat' dir='ltr'><strong>nascitur.</strong></span> <span class='ocrx_word' id='word_1_18' title='bbox 1409 414 1591 458; x_wconf 78' lang='lat' dir='ltr'><strong>Actor-es</strong></span> 
     </span>
     <span class='ocr_line' id='line_1_4' title="bbox 199 484 1589 537; baseline -0.002 -8"><span class='ocrx_word' id='word_1_19' title='bbox 199 486 294 534; x_wconf 88' lang='lat' dir='ltr'><strong>irati</strong></span> <span class='ocrx_word' id='word_1_20' title='bbox 322 486 464 527; x_wconf 87' lang='lat' dir='ltr'><strong>dicunt</strong></span> <span class='ocrx_word' id='word_1_21' title='bbox 492 487 783 526; x_wconf 84' lang='lat' dir='ltr'><strong>testamentum</strong></span> <span class='ocrx_word' id='word_1_22' title='bbox 818 484 915 527; x_wconf 86' lang='lat' dir='ltr'><strong>illud</strong></span> <span class='ocrx_word' id='word_1_23' title='bbox 957 485 1009 527; x_wconf 89' lang='lat' dir='ltr'><strong>ab</strong></span> <span class='ocrx_word' id='word_1_24' title='bbox 1053 484 1259 526; x_wconf 86' lang='lat' dir='ltr'><strong>avunculo</strong></span> <span class='ocrx_word' id='word_1_25' title='bbox 1301 485 1482 537; x_wconf 81' lang='lat' dir='ltr'><strong>postumi</strong></span> <span class='ocrx_word' id='word_1_26' title='bbox 1521 486 1589 526; x_wconf 86' lang='lat' dir='ltr'><strong>vel</strong></span> 
     </span>
     <span class='ocr_line' id='line_1_5' title="bbox 199 552 1589 609; baseline -0.003 -9"><span class='ocrx_word' id='word_1_27' title='bbox 199 556 279 600; x_wconf 87' lang='lat' dir='ltr'><strong>alio</strong></span> <span class='ocrx_word' id='word_1_28' title='bbox 309 559 493 609; x_wconf 75' lang='lat' dir='ltr'><strong>‚cognato</strong></span> <span class='ocrx_word' id='word_1_29' title='bbox 523 554 779 608; x_wconf 87' lang='lat' dir='ltr'><strong>suppositum</strong></span> <span class='ocrx_word' id='word_1_30' title='bbox 810 566 920 597; x_wconf 90' lang='lat' dir='ltr'><strong>esse.</strong></span> <span class='ocrx_word' id='word_1_31' title='bbox 991 553 1126 596; x_wconf 86' lang='lat' dir='ltr'><strong>Antea</strong></span> <span class='ocrx_word' id='word_1_32' title='bbox 1156 552 1395 607; x_wconf 84' lang='lat' dir='ltr'><strong>Euphemus</strong></span> <span class='ocrx_word' id='word_1_33' title='bbox 1426 554 1589 609; x_wconf 89' lang='lat' dir='ltr'><strong>quidam</strong></span> 
     </span>
     <span class='ocr_line' id='line_1_6' title="bbox 197 623 1587 680; baseline -0.001 -11"><span class='ocrx_word' id='word_1_34' title='bbox 197 625 481 673; x_wconf 14' lang='lat' dir='ltr'><strong>hereditatem*</strong></span> <span class='ocrx_word' id='word_1_35' title='bbox 499 624 724 678; x_wconf 72' lang='lat' dir='ltr'>petiverat:</span> <span class='ocrx_word' id='word_1_36' title='bbox 756 623 848 680; x_wconf 81' lang='lat' dir='ltr'><strong>hoc,</strong></span> <span class='ocrx_word' id='word_1_37' title='bbox 877 626 913 667; x_wconf 91' lang='lat' dir='ltr'><strong>si</strong></span> <span class='ocrx_word' id='word_1_38' title='bbox 943 628 1237 667; x_wconf 86' lang='lat' dir='ltr'><strong>testamentum</strong></span> <span class='ocrx_word' id='word_1_39' title='bbox 1267 636 1353 666; x_wconf 89' lang='lat' dir='ltr'><strong>non</strong></span> <span class='ocrx_word' id='word_1_40' title='bbox 1374 626 1587 680; x_wconf 73' lang='lat' dir='ltr'><strong>extitisset,</strong></span> 
     </span>
     <span class='ocr_line' id='line_1_7' title="bbox 198 693 1589 751; baseline 0.001 -13"><span class='ocrx_word' id='word_1_41' title='bbox 198 694 346 738; x_wconf 83' lang='lat' dir='ltr'><strong>affines</strong></span> <span class='ocrx_word' id='word_1_42' title='bbox 374 706 461 738; x_wconf 89' lang='lat' dir='ltr'><strong>non</strong></span> <span class='ocrx_word' id='word_1_43' title='bbox 490 693 824 751; x_wconf 80' lang='lat' dir='ltr'><strong>impedivissent,</strong></span> <span class='ocrx_word' id='word_1_44' title='bbox 855 707 949 737; x_wconf 88' lang='lat' dir='ltr'><strong>eum</strong></span> <span class='ocrx_word' id='word_1_45' title='bbox 979 694 1032 737; x_wconf 89' lang='lat' dir='ltr'><strong>de</strong></span> <span class='ocrx_word' id='word_1_46' title='bbox 1063 694 1293 737; x_wconf 85' lang='lat' dir='ltr'><strong>hereditate</strong></span> <span class='ocrx_word' id='word_1_47' title='bbox 1321 694 1391 736; x_wconf 87' lang='lat' dir='ltr'><strong>lite</strong></span> <span class='ocrx_word' id='word_1_48' title='bbox 1423 697 1589 739; x_wconf 90' lang='lat' dir='ltr'><strong>consti-</strong></span> 
     </span>
     <span class='ocr_line' id='line_1_8' title="bbox 197 763 1588 821; baseline 0.001 -14"><span class='ocrx_word' id='word_1_49' title='bbox 197 764 394 808; x_wconf 91' lang='lat' dir='ltr'><strong>tuendum</strong></span> <span class='ocrx_word' id='word_1_50' title='bbox 425 769 540 807; x_wconf 85' lang='lat' dir='ltr'><strong>esset</strong></span> <span class='ocrx_word' id='word_1_51' title='bbox 567 763 747 821; x_wconf 74' lang='grc' dir='ltr'><strong>(κλῆρος</strong></span> <span class='ocrx_word' id='word_1_52' title='bbox 775 763 1016 821; x_wconf 72' lang='grc' dir='ltr'><strong>ἐπίδικος);</strong></span> <span class='ocrx_word' id='word_1_53' title='bbox 1055 764 1132 807; x_wconf 83' lang='lat' dir='ltr'><strong>sed</strong></span> <span class='ocrx_word' id='word_1_54' title='bbox 1161 763 1420 819; x_wconf 88' lang='lat' dir='ltr'><strong>Euphemum</strong></span> <span class='ocrx_word' id='word_1_55' title='bbox 1454 766 1588 821; x_wconf 91' lang='lat' dir='ltr'><strong>impe-</strong></span> 
     </span>
     <span class='ocr_line' id='line_1_9' title="bbox 198 834 1587 891; baseline -0.001 -14"><span class='ocrx_word' id='word_1_56' title='bbox 198 835 405 891; x_wconf 86' lang='lat' dir='ltr'><strong>diverant,</strong></span> <span class='ocrx_word' id='word_1_57' title='bbox 434 835 576 890; x_wconf 88' lang='lat' dir='ltr'><strong>itaque</strong></span> <span class='ocrx_word' id='word_1_58' title='bbox 606 844 727 878; x_wconf 87' lang='lat' dir='ltr'><strong>suum</strong></span> <span class='ocrx_word' id='word_1_59' title='bbox 757 834 957 877; x_wconf 86' lang='lat' dir='ltr'><strong>heredem</strong></span> <span class='ocrx_word' id='word_1_60' title='bbox 988 839 1134 877; x_wconf 83' lang='lat' dir='ltr'><strong>extare</strong></span> <span class='ocrx_word' id='word_1_61' title='bbox 1175 846 1225 877; x_wconf 89' lang='lat' dir='ltr'><strong>ea</strong></span> <span class='ocrx_word' id='word_1_62' title='bbox 1270 835 1359 890; x_wconf 86' lang='lat' dir='ltr'><strong>ipsa</strong></span> <span class='ocrx_word' id='word_1_63' title='bbox 1399 847 1448 878; x_wconf 91' lang='lat' dir='ltr'><strong>re</strong></span> <span class='ocrx_word' id='word_1_64' title='bbox 1478 847 1587 878; x_wconf 94' lang='lat' dir='ltr'><strong>con-</strong></span> 
     </span>
     <span class='ocr_line' id='line_1_10' title="bbox 195 900 1585 960; baseline -0.002 -11"><span class='ocrx_word' id='word_1_65' title='bbox 195 900 500 958; x_wconf 83' lang='lat' dir='ltr'><strong>firmaverant.“</strong></span> <span class='ocrx_word' id='word_1_66' title='bbox 560 904 625 947; x_wconf 86' lang='lat' dir='ltr'><strong>Ex</strong></span> <span class='ocrx_word' id='word_1_67' title='bbox 654 904 735 947; x_wconf 89' lang='lat' dir='ltr'><strong>col.</strong></span> <span class='ocrx_word' id='word_1_68' title='bbox 771 902 821 946; x_wconf 91' lang='lat' dir='ltr'><strong>ll</strong></span> <span class='ocrx_word' id='word_1_69' title='bbox 840 905 1019 947; x_wconf 82' lang='lat' dir='ltr'><strong>tametsi</strong></span> <span class='ocrx_word' id='word_1_70' title='bbox 1048 904 1262 960; x_wconf 85' lang='lat' dir='ltr'><strong>discimus,</strong></span> <span class='ocrx_word' id='word_1_71' title='bbox 1292 905 1585 948; x_wconf 87' lang='lat' dir='ltr'><strong>necessitatem</strong></span> 
     </span>
     <span class='ocr_line' id='line_1_11' title="bbox 196 972 1590 1031; baseline -0.001 -13"><span class='ocrx_word' id='word_1_72' title='bbox 196 975 374 1031; x_wconf 80' lang='lat' dir='ltr'><strong>aliquam</strong></span> <span class='ocrx_word' id='word_1_73' title='bbox 416 975 707 1018; x_wconf 81' lang='lat' dir='ltr'><strong>intercessisse</strong></span> <span class='ocrx_word' id='word_1_74' title='bbox 743 972 958 1027; x_wconf 88' lang='lat' dir='ltr'><strong>Euphemo</strong></span> <span class='ocrx_word' id='word_1_75' title='bbox 1004 985 1099 1014; x_wconf 90' lang='lat' dir='ltr'><strong>cum</strong></span> <span class='ocrx_word' id='word_1_76' title='bbox 1138 973 1311 1016; x_wconf 88' lang='lat' dir='ltr'><strong>muliere</strong></span> <span class='ocrx_word' id='word_1_77' title='bbox 1350 974 1440 1029; x_wconf 86' lang='lat' dir='ltr'><strong>illa,</strong></span> <span class='ocrx_word' id='word_1_78' title='bbox 1480 987 1590 1029; x_wconf 89' lang='lat' dir='ltr'><strong>quae</strong></span> 
     </span>
     <span class='ocr_line' id='line_1_12' title="bbox 195 1041 1588 1098; baseline -0.001 -13"><span class='ocrx_word' id='word_1_79' title='bbox 195 1043 405 1090; x_wconf 79' lang='lat' dir='ltr'><strong>secundas</strong></span> <span class='ocrx_word' id='word_1_80' title='bbox 434 1044 597 1097; x_wconf 78' lang='lat' dir='ltr'><strong>nuptias</strong></span> <span class='ocrx_word' id='word_1_81' title='bbox 631 1055 728 1084; x_wconf 88' lang='lat' dir='ltr'><strong>cnm</strong></span> <span class='ocrx_word' id='word_1_82' title='bbox 759 1041 966 1097; x_wconf 83' lang='lat' dir='ltr'><strong>Charippo</strong></span> <span class='ocrx_word' id='word_1_83' title='bbox 997 1042 1110 1098; x_wconf 88' lang='lat' dir='ltr'><strong>iniit,</strong></span> <span class='ocrx_word' id='word_1_84' title='bbox 1149 1042 1495 1098; x_wconf 83' lang='lat' dir='ltr'><strong>Euphemumque</strong></span> <span class='ocrx_word' id='word_1_85' title='bbox 1532 1043 1588 1084; x_wconf 87' lang='lat' dir='ltr'><strong>illi</strong></span> 
     </span>
     <span class='ocr_line' id='line_1_13' title="bbox 194 1113 1585 1168; baseline -0.001 -12"><span class='ocrx_word' id='word_1_86' title='bbox 194 1113 389 1168; x_wconf 78' lang='lat' dir='ltr'><strong>talentum</strong></span> <span class='ocrx_word' id='word_1_87' title='bbox 420 1113 585 1168; x_wconf 84' lang='lat' dir='ltr'><strong>argenti</strong></span> <span class='ocrx_word' id='word_1_88' title='bbox 612 1125 689 1168; x_wconf 90' lang='lat' dir='ltr'><strong>pro</strong></span> <span class='ocrx_word' id='word_1_89' title='bbox 719 1113 820 1156; x_wconf 88' lang='lat' dir='ltr'><strong>dote</strong></span> <span class='ocrx_word' id='word_1_90' title='bbox 851 1113 1075 1156; x_wconf 81' lang='lat' dir='ltr'><strong>donavisse</strong></span> <span class='ocrx_word' id='word_1_91' title='bbox 1090 1146 1102 1168; x_wconf 86' lang='lat'>,</span> <span class='ocrx_word' id='word_1_92' title='bbox 1143 1118 1281 1155; x_wconf 90' lang='lat' dir='ltr'><strong>tamen</strong></span> <span class='ocrx_word' id='word_1_93' title='bbox 1322 1114 1373 1155; x_wconf 92' lang='lat' dir='ltr'><strong>iis</strong></span> <span class='ocrx_word' id='word_1_94' title='bbox 1404 1126 1513 1167; x_wconf 91' lang='lat' dir='ltr'><strong>quae</strong></span> <span class='ocrx_word' id='word_1_95' title='bbox 1544 1115 1585 1155; x_wconf 91' lang='lat' dir='ltr'><strong>in</strong></span> 
     </span>
     <span class='ocr_line' id='line_1_14' title="bbox 195 1181 1588 1238; baseline -0.001 -13"><span class='ocrx_word' id='word_1_96' title='bbox 195 1188 312 1238; x_wconf 88' lang='lat' dir='ltr'><strong>parte</strong></span> <span class='ocrx_word' id='word_1_97' title='bbox 352 1183 495 1238; x_wconf 89' lang='lat' dir='ltr'><strong>priore</strong></span> <span class='ocrx_word' id='word_1_98' title='bbox 540 1183 737 1225; x_wconf 88' lang='lat' dir='ltr'><strong>orationis</strong></span> <span class='ocrx_word' id='word_1_99' title='bbox 776 1182 831 1225; x_wconf 90' lang='lat' dir='ltr'><strong>de</strong></span> <span class='ocrx_word' id='word_1_100' title='bbox 869 1181 1086 1236; x_wconf 85' lang='lat' dir='ltr'><strong>Euphemo</strong></span> <span class='ocrx_word' id='word_1_101' title='bbox 1131 1181 1241 1225; x_wconf 87' lang='lat' dir='ltr'><strong>dicta</strong></span> <span class='ocrx_word' id='word_1_102' title='bbox 1282 1187 1403 1225; x_wconf 87' lang='lat' dir='ltr'><strong>erant</strong></span> <span class='ocrx_word' id='word_1_103' title='bbox 1442 1195 1588 1237; x_wconf 84' lang='lat' dir='ltr'><strong>parum</strong></span> 
     </span>
     <span class='ocr_line' id='line_1_15' title="bbox 193 1251 1585 1308; baseline 0 -14"><span class='ocrx_word' id='word_1_104' title='bbox 193 1253 296 1306; x_wconf 86' lang='lat' dir='ltr'><strong>lucis</strong></span> <span class='ocrx_word' id='word_1_105' title='bbox 321 1251 504 1295; x_wconf 81' lang='lat' dir='ltr'><strong>affertur.</strong></span> <span class='ocrx_word' id='word_1_106' title='bbox 566 1252 649 1296; x_wconf 88' lang='lat' dir='ltr'><strong>Sed</strong></span> <span class='ocrx_word' id='word_1_107' title='bbox 682 1264 961 1308; x_wconf 87' lang='lat' dir='ltr'><strong>quaeeunque</strong></span> <span class='ocrx_word' id='word_1_108' title='bbox 989 1252 1097 1294; x_wconf 89' lang='lat' dir='ltr'><strong>illius</strong></span> <span class='ocrx_word' id='word_1_109' title='bbox 1126 1257 1268 1306; x_wconf 86' lang='lat' dir='ltr'><strong>partes</strong></span> <span class='ocrx_word' id='word_1_110' title='bbox 1298 1251 1485 1308; x_wconf 83' lang='lat' dir='ltr'><strong>fuerunt,</strong></span> <span class='ocrx_word' id='word_1_111' title='bbox 1516 1254 1585 1295; x_wconf 90' lang='lat' dir='ltr'><strong>in-</strong></span> 
     </span>
     <span class='ocr_line' id='line_1_16' title="bbox 194 1322 1585 1379; baseline 0 -13"><span class='ocrx_word' id='word_1_112' title='bbox 194 1324 335 1377; x_wconf 86' lang='lat' dir='ltr'><strong>cidunt</strong></span> <span class='ocrx_word' id='word_1_113' title='bbox 363 1324 406 1373; x_wconf 92' lang='lat' dir='ltr'><strong>in</strong></span> <span class='ocrx_word' id='word_1_114' title='bbox 436 1323 477 1365; x_wconf 90' lang='lat' dir='ltr'><strong>id</strong></span> <span class='ocrx_word' id='word_1_115' title='bbox 507 1328 692 1379; x_wconf 85' lang='lat' dir='ltr'><strong>tempus,</strong></span> <span class='ocrx_word' id='word_1_116' title='bbox 709 1322 837 1378; x_wconf 84' lang='lat' dir='ltr'><strong>quod</strong></span> <span class='ocrx_word' id='word_1_117' title='bbox 861 1324 971 1365; x_wconf 86' lang='lat' dir='ltr'><strong>inter</strong></span> <span class='ocrx_word' id='word_1_118' title='bbox 987 1324 1153 1377; x_wconf 87' lang='lat' dir='ltr'><strong>priores</strong></span> <span class='ocrx_word' id='word_1_119' title='bbox 1175 1328 1218 1365; x_wconf 88' lang='lat' dir='ltr'><strong>et</strong></span> <span class='ocrx_word' id='word_1_120' title='bbox 1235 1322 1388 1366; x_wconf 85' lang='lat' dir='ltr'><strong>alteras</strong></span> <span class='ocrx_word' id='word_1_121' title='bbox 1421 1324 1585 1378; x_wconf 84' lang='lat' dir='ltr'><strong>nuptias</strong></span> 
     </span>
     <span class='ocr_line' id='line_1_17' title="bbox 194 1393 1249 1449; baseline -0.005 -10"><span class='ocrx_word' id='word_1_122' title='bbox 194 1394 374 1439; x_wconf 90' lang='lat' dir='ltr'><strong>mulieris</strong></span> <span class='ocrx_word' id='word_1_123' title='bbox 405 1406 430 1436; x_wconf 87' lang='lat' dir='ltr'><strong>a</strong></span> <span class='ocrx_word' id='word_1_124' title='bbox 458 1393 734 1449; x_wconf 74' lang='lat' dir='ltr'><strong>Lycophrone</strong></span> <span class='ocrx_word' id='word_1_125' title='bbox 764 1398 990 1448; x_wconf 86' lang='lat' dir='ltr'><strong>corruptae</strong></span> <span class='ocrx_word' id='word_1_126' title='bbox 1019 1393 1249 1437; x_wconf 82' lang='lat' dir='ltr'><strong>interiacet.</strong></span> 
     </span>
    </p>

    <p class='ocr_par' dir='ltr' id='par_1_3' title="bbox 194 1458 1587 1589">
     <span class='ocr_line' id='line_1_18' title="bbox 280 1458 1587 1520; baseline 0.001 -16"><span class='ocrx_word' id='word_1_127' title='bbox 280 1462 538 1520; x_wconf 80' lang='lat' dir='ltr'>xv11‚1·‚16</span> <span class='ocrx_word' id='word_1_128' title='bbox 574 1458 825 1519; x_wconf 75' lang='grc' dir='ltr'><strong>ἁπάγειν]</strong></span> <span class='ocrx_word' id='word_1_129' title='bbox 856 1461 1123 1508; x_wconf 84' lang='lat' dir='ltr'><strong>Boeekhiano</strong></span> <span class='ocrx_word' id='word_1_130' title='bbox 1154 1462 1443 1517; x_wconf 87' lang='lat' dir='ltr'><strong>supplemento</strong></span> <span class='ocrx_word' id='word_1_131' title='bbox 1463 1463 1587 1506; x_wconf 90' lang='lat' dir='ltr'><strong>unice</strong></span> 
     </span>
     <span class='ocr_line' id='line_1_19' title="bbox 194 1531 1383 1589; baseline 0 -14"><span class='ocrx_word' id='word_1_132' title='bbox 194 1533 339 1576; x_wconf 83' lang='lat' dir='ltr'><strong>favere</strong></span> <span class='ocrx_word' id='word_1_133' title='bbox 366 1544 568 1589; x_wconf 80' lang='lat' dir='ltr'><strong>papyrum</strong></span> <span class='ocrx_word' id='word_1_134' title='bbox 599 1532 790 1576; x_wconf 85' lang='lat' dir='ltr'><strong>oculatus</strong></span> <span class='ocrx_word' id='word_1_135' title='bbox 818 1533 936 1576; x_wconf 90' lang='lat' dir='ltr'><strong>testis</strong></span> <span class='ocrx_word' id='word_1_136' title='bbox 965 1531 1141 1575; x_wconf 86' lang='lat' dir='ltr'><strong>affirmat</strong></span> <span class='ocrx_word' id='word_1_137' title='bbox 1164 1532 1383 1587; x_wconf 86' lang='lat' dir='ltr'><strong>Babingto.</strong></span> 
     </span>
    </p>

    <p class='ocr_par' dir='ltr' id='par_1_4' title="bbox 194 1598 1584 1730">
     <span class='ocr_line' id='line_1_20' title="bbox 279 1598 1584 1660; baseline 0.001 -15"><span class='ocrx_word' id='word_1_138' title='bbox 279 1603 400 1658; x_wconf 84' lang='lat' dir='ltr'>XVII,</span> <span class='ocrx_word' id='word_1_139' title='bbox 439 1603 481 1658; x_wconf 82' lang='lat'><strong>2,</strong></span> <span class='ocrx_word' id='word_1_140' title='bbox 521 1602 577 1644; x_wconf 84' lang='lat'><strong>21</strong></span> <span class='ocrx_word' id='word_1_141' title='bbox 620 1598 838 1654; x_wconf 75' lang='grc' dir='ltr'><strong>ταύταις</strong></span> <span class='ocrx_word' id='word_1_142' title='bbox 880 1611 999 1652; x_wconf 76' lang='grc' dir='ltr'><strong><em>ταῖς</em></strong></span> <span class='ocrx_word' id='word_1_143' title='bbox 1037 1599 1336 1659; x_wconf 74' lang='grc' dir='ltr'><strong><em>διαθήκαις</em></strong></span> <span class='ocrx_word' id='word_1_144' title='bbox 1378 1602 1584 1660; x_wconf 81' lang='grc' dir='ltr'><strong><em>ἰσχυρί-</em></strong></span> 
     </span>
     <span class='ocr_line' id='line_1_21' title="bbox 194 1672 1332 1730; baseline -0.003 -11"><span class='ocrx_word' id='word_1_145' title='bbox 194 1674 407 1730; x_wconf 73' lang='grc' dir='ltr'><strong><em>ζεσθαι]</em></strong></span> <span class='ocrx_word' id='word_1_146' title='bbox 440 1673 597 1717; x_wconf 84' lang='lat' dir='ltr'><strong>Confer</strong></span> <span class='ocrx_word' id='word_1_147' title='bbox 624 1673 677 1716; x_wconf 88' lang='lat' dir='ltr'><strong>ad</strong></span> <span class='ocrx_word' id='word_1_148' title='bbox 706 1678 812 1716; x_wconf 89' lang='lat' dir='ltr'><strong>orat.</strong></span> <span class='ocrx_word' id='word_1_149' title='bbox 842 1672 1074 1729; x_wconf 84' lang='lat' dir='ltr'><strong>Euxenipp.</strong></span> <span class='ocrx_word' id='word_1_150' title='bbox 1104 1686 1144 1729; x_wconf 92' lang='lat' dir='ltr'><strong>p.</strong></span> <span class='ocrx_word' id='word_1_151' title='bbox 1181 1672 1230 1730; x_wconf 86' lang='lat'><strong>4,</strong></span> <span class='ocrx_word' id='word_1_152' title='bbox 1264 1672 1332 1716; x_wconf 89' lang='lat'><strong>14.</strong></span> 
     </span>
    </p>

    <p class='ocr_par' dir='ltr' id='par_1_5' title="bbox 186 1751 1583 2356">
     <span class='ocr_line' id='line_1_22' title="bbox 276 1751 1582 1806; baseline 0.001 -13"><span class='ocrx_word' id='word_1_153' title='bbox 276 1752 432 1806; x_wconf 77' lang='lat' dir='ltr'><strong>Papyri</strong></span> <span class='ocrx_word' id='word_1_154' title='bbox 460 1751 695 1794; x_wconf 79' lang='lat' dir='ltr'><strong>Ardem‘ani</strong></span> <span class='ocrx_word' id='word_1_155' title='bbox 725 1752 804 1794; x_wconf 83' lang='lat' dir='ltr'><strong>col.</strong></span> <span class='ocrx_word' id='word_1_156' title='bbox 850 1751 891 1793; x_wconf 88' lang='lat'><strong>1.</strong></span> <span class='ocrx_word' id='word_1_157' title='bbox 918 1751 960 1794; x_wconf 86' lang='lat'><strong>2.</strong></span> <span class='ocrx_word' id='word_1_158' title='bbox 1020 1752 1084 1794; x_wconf 83' lang='lat' dir='ltr'><strong>De</strong></span> <span class='ocrx_word' id='word_1_159' title='bbox 1111 1752 1183 1796; x_wconf 23' lang='lat' dir='ltr'><strong>liis&lt;</strong></span> <span class='ocrx_word' id='word_1_160' title='bbox 1202 1752 1356 1795; x_wconf 85' lang='lat' dir='ltr'><strong>misere</strong></span> <span class='ocrx_word' id='word_1_161' title='bbox 1396 1751 1582 1794; x_wconf 90' lang='lat' dir='ltr'><strong>mulcatis</strong></span> 
     </span>
     <span class='ocr_line' id='line_1_23' title="bbox 189 1820 1581 1878; baseline 0 -15"><span class='ocrx_word' id='word_1_162' title='bbox 189 1820 336 1865; x_wconf 87' lang='lat' dir='ltr'><strong>eadem</strong></span> <span class='ocrx_word' id='word_1_163' title='bbox 367 1821 572 1864; x_wconf 86' lang='lat' dir='ltr'><strong>cantilena</strong></span> <span class='ocrx_word' id='word_1_164' title='bbox 595 1820 788 1864; x_wconf 73' lang='lat' dir='ltr'><strong>‚iteranda</strong></span> <span class='ocrx_word' id='word_1_165' title='bbox 819 1825 896 1864; x_wconf 89' lang='lat' dir='ltr'><strong>est.</strong></span> <span class='ocrx_word' id='word_1_166' title='bbox 954 1820 1058 1863; x_wconf 84' lang='lat' dir='ltr'><strong>Nam</strong></span> <span class='ocrx_word' id='word_1_167' title='bbox 1077 1832 1160 1864; x_wconf 91' lang='lat' dir='ltr'><strong>non</strong></span> <span class='ocrx_word' id='word_1_168' title='bbox 1183 1821 1325 1878; x_wconf 89' lang='lat' dir='ltr'><strong>claret,</strong></span> <span class='ocrx_word' id='word_1_169' title='bbox 1350 1821 1448 1876; x_wconf 89' lang='lat' dir='ltr'><strong>quid</strong></span> <span class='ocrx_word' id='word_1_170' title='bbox 1475 1821 1581 1865; x_wconf 83' lang='lat' dir='ltr'><strong>haec</strong></span> 
     </span>
     <span class='ocr_line' id='line_1_24' title="bbox 191 1890 1582 1947; baseline 0.001 -15"><span class='ocrx_word' id='word_1_171' title='bbox 191 1891 254 1935; x_wconf 70' lang='lat' dir='ltr'><strong>ad,</strong></span> <span class='ocrx_word' id='word_1_172' title='bbox 282 1891 625 1947; x_wconf 76' lang='lat' dir='ltr'><strong>Lycophronem:</strong></span> <span class='ocrx_word' id='word_1_173' title='bbox 666 1904 721 1933; x_wconf 88' lang='lat' dir='ltr'><strong>ex</strong></span> <span class='ocrx_word' id='word_1_174' title='bbox 763 1890 843 1933; x_wconf 90' lang='lat' dir='ltr'><strong>col.</strong></span> <span class='ocrx_word' id='word_1_175' title='bbox 872 1890 901 1932; x_wconf 85' lang='lat'><strong>2</strong></span> <span class='ocrx_word' id='word_1_176' title='bbox 943 1896 1082 1934; x_wconf 85' lang='lat' dir='ltr'><strong>autem</strong></span> <span class='ocrx_word' id='word_1_177' title='bbox 1121 1891 1204 1934; x_wconf 88' lang='lat' dir='ltr'><strong>hoc</strong></span> <span class='ocrx_word' id='word_1_178' title='bbox 1241 1896 1401 1934; x_wconf 88' lang='lat' dir='ltr'><strong>tantum</strong></span> <span class='ocrx_word' id='word_1_179' title='bbox 1442 1892 1582 1947; x_wconf 84' lang='lat' dir='ltr'><strong>colligi</strong></span> 
     </span>
     <span class='ocr_line' id='line_1_25' title="bbox 188 1959 1581 2019; baseline 0 -15"><span class='ocrx_word' id='word_1_180' title='bbox 188 1966 352 2018; x_wconf 85' lang='lat' dir='ltr'><strong>potest,</strong></span> <span class='ocrx_word' id='word_1_181' title='bbox 378 1961 620 2005; x_wconf 87' lang='lat' dir='ltr'><strong>Aristonem</strong></span> <span class='ocrx_word' id='word_1_182' title='bbox 652 1959 859 2016; x_wconf 82' lang='lat' dir='ltr'><strong>quendam</strong></span> <span class='ocrx_word' id='word_1_183' title='bbox 890 1966 933 2003; x_wconf 88' lang='lat' dir='ltr'><strong>et</strong></span> <span class='ocrx_word' id='word_1_184' title='bbox 953 1960 1276 2019; x_wconf 70' lang='lat' dir='ltr'><strong>Theomnestum</strong></span> <span class='ocrx_word' id='word_1_185' title='bbox 1292 1963 1350 2005; x_wconf 88' lang='lat' dir='ltr'><strong>ita</strong></span> <span class='ocrx_word' id='word_1_186' title='bbox 1370 1962 1581 2017; x_wconf 86' lang='lat' dir='ltr'><strong>pepigisse</strong></span> 
     </span>
     <span class='ocr_line' id='line_1_26' title="bbox 188 2030 1580 2086; baseline 0.001 -14"><span class='ocrx_word' id='word_1_187' title='bbox 188 2031 298 2073; x_wconf 82' lang='lat' dir='ltr'><strong>inter</strong></span> <span class='ocrx_word' id='word_1_188' title='bbox 327 2043 387 2085; x_wconf 91' lang='lat' dir='ltr'><strong>se,</strong></span> <span class='ocrx_word' id='word_1_189' title='bbox 417 2036 464 2077; x_wconf 88' lang='lat' dir='ltr'><strong>ut</strong></span> <span class='ocrx_word' id='word_1_190' title='bbox 493 2031 598 2073; x_wconf 88' lang='lat' dir='ltr'><strong>alter</strong></span> <span class='ocrx_word' id='word_1_191' title='bbox 627 2030 744 2077; x_wconf 75' lang='lat' dir='ltr'><strong>malis</strong></span> <span class='ocrx_word' id='word_1_192' title='bbox 774 2030 932 2075; x_wconf 86' lang='lat' dir='ltr'><strong>artibus</strong></span> <span class='ocrx_word' id='word_1_193' title='bbox 968 2032 1190 2086; x_wconf 83' lang='lat' dir='ltr'><strong>pecuniam</strong></span> <span class='ocrx_word' id='word_1_194' title='bbox 1228 2035 1497 2086; x_wconf 86' lang='lat' dir='ltr'><strong>extorqueret</strong></span> <span class='ocrx_word' id='word_1_195' title='bbox 1527 2031 1580 2073; x_wconf 92' lang='lat' dir='ltr'><strong>de</strong></span> 
     </span>
     <span class='ocr_line' id='line_1_27' title="bbox 189 2099 1583 2157; baseline 0.001 -14"><span class='ocrx_word' id='word_1_196' title='bbox 189 2099 426 2144; x_wconf 87' lang='lat' dir='ltr'><strong>hominibus</strong></span> <span class='ocrx_word' id='word_1_197' title='bbox 441 2133 453 2156; x_wconf 90' lang='lat'><em>‚</em></span> <span class='ocrx_word' id='word_1_198' title='bbox 501 2112 610 2156; x_wconf 91' lang='lat' dir='ltr'><strong>quos</strong></span> <span class='ocrx_word' id='word_1_199' title='bbox 663 2100 731 2144; x_wconf 74' lang='lat' dir='ltr'><strong>ifle</strong></span> <span class='ocrx_word' id='word_1_200' title='bbox 753 2144 755 2147; x_wconf 81' lang='grc'>,</span> <span class='ocrx_word' id='word_1_201' title='bbox 779 2106 893 2143; x_wconf 82' lang='lat' dir='ltr'><strong>metu</strong></span> <span class='ocrx_word' id='word_1_202' title='bbox 933 2100 1187 2144; x_wconf 85' lang='lat' dir='ltr'><strong>delationum</strong></span> <span class='ocrx_word' id='word_1_203' title='bbox 1227 2107 1433 2157; x_wconf 86' lang='lat' dir='ltr'><strong>terreret,</strong></span> <span class='ocrx_word' id='word_1_204' title='bbox 1478 2102 1583 2145; x_wconf 90' lang='lat' dir='ltr'><strong>alter</strong></span> 
     </span>
     <span class='ocr_line' id='line_1_28' title="bbox 188 2170 1580 2227; baseline 0.001 -12"><span class='ocrx_word' id='word_1_205' title='bbox 188 2183 339 2220; x_wconf 81' lang='lat' dir='ltr'><strong>servos</strong></span> <span class='ocrx_word' id='word_1_206' title='bbox 365 2175 588 2218; x_wconf 78' lang='lat' dir='ltr'><strong>coemeret.</strong></span> <span class='ocrx_word' id='word_1_207' title='bbox 606 2171 675 2214; x_wconf 88' lang='lat' dir='ltr'><strong>illa</strong></span> <span class='ocrx_word' id='word_1_208' title='bbox 703 2170 881 2225; x_wconf 84' lang='lat' dir='ltr'><strong>pecunia</strong></span> <span class='ocrx_word' id='word_1_209' title='bbox 894 2203 905 2227; x_wconf 91' lang='lat'>,</span> <span class='ocrx_word' id='word_1_210' title='bbox 936 2183 1045 2226; x_wconf 89' lang='lat' dir='ltr'><strong>quos</strong></span> <span class='ocrx_word' id='word_1_211' title='bbox 1074 2172 1131 2215; x_wconf 87' lang='lat' dir='ltr'><strong>ita</strong></span> <span class='ocrx_word' id='word_1_212' title='bbox 1154 2172 1438 2215; x_wconf 87' lang='lat' dir='ltr'><strong>mercenarios</strong></span> <span class='ocrx_word' id='word_1_213' title='bbox 1459 2173 1580 2216; x_wconf 90' lang='lat' dir='ltr'><strong>loca-</strong></span> 
     </span>
     <span class='ocr_line' id='line_1_29' title="bbox 186 2241 1580 2298; baseline 0.001 -14"><span class='ocrx_word' id='word_1_214' title='bbox 186 2243 284 2298; x_wconf 88' lang='lat' dir='ltr'><strong>bat,</strong></span> <span class='ocrx_word' id='word_1_215' title='bbox 314 2247 366 2288; x_wconf 79' lang='lat' dir='ltr'><strong>ut.</strong></span> <span class='ocrx_word' id='word_1_216' title='bbox 389 2242 442 2285; x_wconf 86' lang='lat' dir='ltr'><strong>ad</strong></span> <span class='ocrx_word' id='word_1_217' title='bbox 473 2241 744 2285; x_wconf 83' lang='lat' dir='ltr'><strong>architectum</strong></span> <span class='ocrx_word' id='word_1_218' title='bbox 772 2241 931 2286; x_wconf 78' lang='lat' dir='ltr'><strong>fraudis</strong></span> <span class='ocrx_word' id='word_1_219' title='bbox 962 2242 1115 2298; x_wconf 85' lang='lat' dir='ltr'><strong>aliquid</strong></span> <span class='ocrx_word' id='word_1_220' title='bbox 1150 2242 1283 2297; x_wconf 81' lang='lat' dir='ltr'><strong>turpis</strong></span> <span class='ocrx_word' id='word_1_221' title='bbox 1315 2243 1580 2285; x_wconf 86' lang='lat' dir='ltr'><strong>mercedulae</strong></span> 
     </span>
     <span class='ocr_line' id='line_1_30' title="bbox 188 2310 1200 2356; baseline 0 -2"><span class='ocrx_word' id='word_1_222' title='bbox 188 2310 359 2356; x_wconf 58' lang='grc' dir='ltr'><strong>τεῶ-οι.</strong></span> <span class='ocrx_word' id='word_1_223' title='bbox 411 2341 415 2346; x_wconf 79' lang='lat'><em>-</em></span> <span class='ocrx_word' id='word_1_224' title='bbox 826 2340 843 2355; x_wconf 70' lang='lat'><strong><em>„</em></strong></span> <span class='ocrx_word' id='word_1_225' title='bbox 1198 2325 1200 2327; x_wconf 68' lang='grc'>’</span> 
     </span>
    </p>

    <p class='ocr_par' dir='ltr' id='par_1_6' title="bbox 184 2383 1578 2792">
     <span class='ocr_line' id='line_1_31' title="bbox 274 2383 1577 2444; baseline 0.002 -13"><span class='ocrx_word' id='word_1_226' title='bbox 274 2388 356 2432; x_wconf 88' lang='lat' dir='ltr'><strong>col.</strong></span> <span class='ocrx_word' id='word_1_227' title='bbox 381 2388 418 2443; x_wconf 92' lang='lat'><strong>1,</strong></span> <span class='ocrx_word' id='word_1_228' title='bbox 438 2386 466 2429; x_wconf 91' lang='lat'><strong>3</strong></span> <span class='ocrx_word' id='word_1_229' title='bbox 498 2383 585 2432; x_wconf 75' lang='grc' dir='ltr'><strong>δἰἂ</strong></span> <span class='ocrx_word' id='word_1_230' title='bbox 616 2387 671 2431; x_wconf 74' lang='grc' dir='ltr'><strong>τί</strong></span> <span class='ocrx_word' id='word_1_231' title='bbox 698 2388 910 2443; x_wconf 67' lang='grc' dir='ltr'><strong>Βαὺὶηςῑο,</strong></span> <span class='ocrx_word' id='word_1_232' title='bbox 931 2389 1079 2442; x_wconf 87' lang='lat' dir='ltr'><strong>posuit.</strong></span> <span class='ocrx_word' id='word_1_233' title='bbox 1108 2409 1111 2411; x_wconf 97' lang='lat'>·</span> <span class='ocrx_word' id='word_1_234' title='bbox 1137 2387 1288 2436; x_wconf 78' lang='lat' dir='ltr'><strong>Quidni</strong></span> <span class='ocrx_word' id='word_1_235' title='bbox 1318 2386 1577 2444; x_wconf 76' lang='grc' dir='ltr'><strong><em>διατί[θησι</em></strong></span> 
     </span>
     <span class='ocr_line' id='line_1_32' title="bbox 186 2456 1576 2514; baseline 0 -14"><span class='ocrx_word' id='word_1_236' title='bbox 186 2458 255 2500; x_wconf 88' lang='lat' dir='ltr'><strong>vel</strong></span> <span class='ocrx_word' id='word_1_237' title='bbox 284 2457 452 2514; x_wconf 83' lang='lat' dir='ltr'><strong>aliquod</strong></span> <span class='ocrx_word' id='word_1_238' title='bbox 489 2457 580 2500; x_wconf 89' lang='lat' dir='ltr'><strong>eius</strong></span> <span class='ocrx_word' id='word_1_239' title='bbox 622 2457 743 2499; x_wconf 85' lang='lat' dir='ltr'><strong>verbi</strong></span> <span class='ocrx_word' id='word_1_240' title='bbox 781 2457 1149 2500; x_wconf 82' lang='lat' dir='ltr'><strong>inclinamentum?</strong></span> <span class='ocrx_word' id='word_1_241' title='bbox 1209 2456 1374 2499; x_wconf 82' lang='lat' dir='ltr'><strong>Manum</strong></span> <span class='ocrx_word' id='word_1_242' title='bbox 1406 2461 1450 2498; x_wconf 85' lang='lat' dir='ltr'><strong>et</strong></span> <span class='ocrx_word' id='word_1_243' title='bbox 1478 2456 1520 2498; x_wconf 88' lang='lat' dir='ltr'><strong>h.</strong></span> <span class='ocrx_word' id='word_1_244' title='bbox 1550 2457 1576 2500; x_wconf 92' lang='lat' dir='ltr'><strong>l.</strong></span> 
     </span>
     <span class='ocr_line' id='line_1_33' title="bbox 185 2525 1578 2582; baseline -0.001 -13"><span class='ocrx_word' id='word_1_245' title='bbox 185 2533 227 2570; x_wconf 85' lang='lat' dir='ltr'><strong>et</strong></span> <span class='ocrx_word' id='word_1_246' title='bbox 255 2527 425 2581; x_wconf 90' lang='lat' dir='ltr'><strong>reliquis</strong></span> <span class='ocrx_word' id='word_1_247' title='bbox 456 2526 666 2568; x_wconf 86' lang='lat' dir='ltr'><strong>abstinere</strong></span> <span class='ocrx_word' id='word_1_248' title='bbox 696 2526 824 2569; x_wconf 88' lang='lat' dir='ltr'><strong>satius</strong></span> <span class='ocrx_word' id='word_1_249' title='bbox 856 2528 945 2569; x_wconf 86' lang='lat' dir='ltr'><strong>erit.</strong></span> <span class='ocrx_word' id='word_1_250' title='bbox 1014 2526 1171 2582; x_wconf 85' lang='lat' dir='ltr'><strong>Ecquis</strong></span> <span class='ocrx_word' id='word_1_251' title='bbox 1201 2527 1312 2568; x_wconf 88' lang='lat' dir='ltr'><strong>enim</strong></span> <span class='ocrx_word' id='word_1_252' title='bbox 1343 2525 1578 2581; x_wconf 89' lang='lat' dir='ltr'><strong>spondebit‚</strong></span> 
     </span>
     <span class='ocr_line' id='line_1_34' title="bbox 184 2593 1576 2651; baseline -0.001 -12"><span class='ocrx_word' id='word_1_253' title='bbox 184 2601 229 2639; x_wconf 90' lang='lat' dir='ltr'><strong>ut</strong></span> <span class='ocrx_word' id='word_1_254' title='bbox 258 2595 341 2639; x_wconf 87' lang='lat' dir='ltr'><strong>hoc</strong></span> <span class='ocrx_word' id='word_1_255' title='bbox 369 2600 488 2651; x_wconf 83' lang='lat' dir='ltr'><strong>utar,</strong></span> <span class='ocrx_word' id='word_1_256' title='bbox 517 2607 557 2650; x_wconf 93' lang='lat' dir='ltr'><strong>p.</strong></span> <span class='ocrx_word' id='word_1_257' title='bbox 585 2593 641 2637; x_wconf 88' lang='lat'><strong>24</strong></span> <span class='ocrx_word' id='word_1_258' title='bbox 688 2595 768 2639; x_wconf 89' lang='lat' dir='ltr'><strong>col.</strong></span> <span class='ocrx_word' id='word_1_259' title='bbox 804 2596 842 2651; x_wconf 89' lang='lat'><strong>1,</strong></span> <span class='ocrx_word' id='word_1_260' title='bbox 873 2595 902 2638; x_wconf 84' lang='lat'><strong>2</strong></span> <span class='ocrx_word' id='word_1_261' title='bbox 946 2594 1191 2647; x_wconf 75' lang='grc' dir='ltr'><em>Διονύσιος</em></span> <span class='ocrx_word' id='word_1_262' title='bbox 1229 2596 1409 2651; x_wconf 89' lang='lat' dir='ltr'><strong>positum</strong></span> <span class='ocrx_word' id='word_1_263' title='bbox 1448 2595 1576 2638; x_wconf 82' lang='lat' dir='ltr'><strong>fuisse</strong></span> 
     </span>
     <span class='ocr_line' id='line_1_35' title="bbox 184 2656 1570 2723; baseline 0 -15"><span class='ocrx_word' id='word_1_264' title='bbox 184 2667 234 2708; x_wconf 89' lang='lat' dir='ltr'><strong>ab</strong></span> <span class='ocrx_word' id='word_1_265' title='bbox 258 2670 432 2708; x_wconf 88' lang='lat' dir='ltr'><strong>auctore</strong></span> <span class='ocrx_word' id='word_1_266' title='bbox 460 2670 505 2708; x_wconf 88' lang='lat' dir='ltr'><strong>et</strong></span> <span class='ocrx_word' id='word_1_267' title='bbox 534 2677 621 2708; x_wconf 89' lang='lat' dir='ltr'><strong>non</strong></span> <span class='ocrx_word' id='word_1_268' title='bbox 650 2665 718 2708; x_wconf 87' lang='lat' dir='ltr'><strong>vel</strong></span> <span class='ocrx_word' id='word_1_269' title='bbox 746 2656 1302 2720; x_wconf 55' lang='lat' dir='ltr'><strong>enoffloaocyeloe’zohimoc</strong></span> <span class='ocrx_word' id='word_1_270' title='bbox 1316 2664 1384 2706; x_wconf 88' lang='lat' dir='ltr'><strong>vel</strong></span> <span class='ocrx_word' id='word_1_271' title='bbox 1412 2662 1570 2723; x_wconf 77' lang='grc' dir='ltr'><em>Ἀχερ-</em></span> 
     </span>
     <span class='ocr_line' id='line_1_36' title="bbox 185 2731 1574 2792; baseline -0.003 -11"><span class='ocrx_word' id='word_1_272' title='bbox 185 2731 388 2791; x_wconf 80' lang='grc' dir='ltr'>δο[ύσιος</span> <span class='ocrx_word' id='word_1_273' title='bbox 416 2734 485 2779; x_wconf 84' lang='lat' dir='ltr'><strong>vel</strong></span> <span class='ocrx_word' id='word_1_274' title='bbox 502 2736 645 2781; x_wconf 88' lang='lat' dir='ltr'><strong>nescio</strong></span> <span class='ocrx_word' id='word_1_275' title='bbox 664 2734 778 2792; x_wconf 88' lang='lat' dir='ltr'><strong>quod</strong></span> <span class='ocrx_word' id='word_1_276' title='bbox 796 2734 1048 2780; x_wconf 83' lang='lat' dir='ltr'><strong>vocabulum</strong></span> <span class='ocrx_word' id='word_1_277' title='bbox 1067 2735 1108 2778; x_wconf 90' lang='lat' dir='ltr'><strong>in</strong></span> <span class='ocrx_word' id='word_1_278' title='bbox 1125 2751 1251 2788; x_wconf 77' lang='grc' dir='ltr'><strong><em>υσιος</em></strong></span> <span class='ocrx_word' id='word_1_279' title='bbox 1273 2734 1537 2779; x_wconf 88' lang='lat' dir='ltr'><strong>terminatum</strong></span> <span class='ocrx_word' id='word_1_280' title='bbox 1552 2735 1574 2778; x_wconf 67' lang='lat'><strong>‘2</strong></span> 
     </span>
    </p>
   </div>
  </div>
 </body>
</html>
