1795 3218
667 218 1044 265 SCHOLIA.
1479 209 1546 260 63

247 345 427 402 Tempus
465 339 629 383 habitae
675 341 876 384 orationis
916 340 1053 395 aliqua
1094 349 1149 380 ex
1184 341 1302 391 parte
1342 335 1549 392 colligitur

161 431 216 463 ex
240 412 638 461 commemoratione
665 411 868 469 Dioxippi.
930 411 1010 462 Qui
1028 408 1315 453 Alexandrum
1337 408 1380 450 in
1404 408 1546 452 Asiam

160 495 331 535 secutus
362 487 405 529 in
433 482 544 527 Indis
574 482 652 526 sibi
690 493 841 526 necem
885 483 1020 526 intulit
1049 494 1086 524 a.
1118 479 1218 524 326.
1289 478 1401 523 Ante
1434 479 1546 523 illum

158 560 288 617 igitur
315 566 468 601 annum
498 552 605 596 haec
635 558 728 596 acta
756 559 863 598 sunt.

242 853 469 897 Harrisiani
496 853 643 909 papyri
671 853 835 896 laceras
865 851 1080 895 columnas
1092 857 1180 895 tres
1204 852 1304 894 nihil
1324 864 1547 895 commune

156 922 313 966 habere
340 935 434 966 cum
466 923 658 966 oratione
688 927 834 964 contra
862 921 1215 977 Demosthenem,
1258 922 1376 965 cuius
1404 927 1547 977 partes

156 993 345 1047 reliquae
375 992 595 1034 columnae
625 995 1012 1046 conservaverunt,
1043 991 1119 1033 sed
1150 991 1203 1032 ad
1234 992 1436 1034 orationis
1466 991 1549 1033 de-

154 1061 366 1106 fensor-iae
393 1061 437 1104 in
468 1072 618 1105 caussa
645 1060 809 1116 publica
830 1059 997 1103 habitae
1017 1061 1277 1116 prooemium
1299 1062 1549 1117 pertinuisse

157 1131 341 1174 editores
371 1143 449 1174 suo
485 1132 663 1185 quisque
693 1130 884 1172 acumine
911 1135 1231 1186 perspexerunt,
1246 1132 1296 1173 A.
1313 1131 1549 1174 Boeckhius

157 1202 210 1246 de
241 1206 362 1247 oratt.
394 1201 590 1258 Hyperid.
617 1200 805 1257 reliquiis
834 1199 1082 1244 Harrisianis
1111 1213 1151 1257 p.
1180 1200 1250 1257 40,
1279 1200 1329 1245 H.
1344 1201 1549 1258 Sauppius

155 1272 358 1328 Philologi
384 1273 467 1315 vol.
498 1271 539 1328 3,
568 1271 655 1315 683
697 1277 739 1314 et
775 1270 904 1314 Oratt.
941 1270 1105 1328 frgmm.
1137 1284 1177 1326 p.
1206 1270 1330 1328 35212,
1367 1273 1548 1329 denique

157 1342 419 1385 doctissimus
457 1346 690 1384 nostrarum
729 1342 964 1383 orationum
1005 1340 1164 1395 editor,
1211 1341 1283 1395 qui
1326 1353 1411 1384 non
1449 1343 1550 1404 visis

154 1411 414 1468 popularium
444 1416 683 1454 nostrorum
719 1410 831 1454 curis
871 1409 1039 1453 easdem
1084 1410 1283 1466 reliquias
1326 1412 1549 1467 publicavit

155 1482 329 1525 Londini
358 1487 403 1525 et
433 1481 728 1537 cantabrigiae
755 1493 793 1523 a.
828 1479 955 1537 1850,
986 1493 1024 1535 p.
1058 1480 1115 1524 73
1145 1493 1237 1536 sqq.
1311 1481 1427 1524 Idem
1460 1482 1549 1524 Ba-

157 1552 301 1609 bingto
313 1584 325 1607 ‚
355 1556 575 1606 postquam
605 1551 844 1594 certissimis
881 1550 1043 1593 indiciis
1072 1552 1252 1594 evictum
1283 1556 1368 1607 est,
1400 1551 1549 1594 Hatri-

156 1622 273 1664 siana
311 1620 409 1663 folia
450 1633 475 1661 a
513 1632 672 1675 papyro
712 1618 956 1663 Ardeniano
996 1631 1093 1663 esse
1131 1620 1295 1676 avulsa,
1330 1622 1550 1664 verissime

154 1692 378 1749 intellexit,
407 1691 735 1748 Lycophroneae
765 1691 968 1735 orationis
983 1692 1200 1747 prooemio
1212 1692 1308 1734 —illas
1335 1692 1548 1736 columnas

154 1761 425 1806 ascribendas
468 1773 579 1805 esse.
665 1759 794 1804 Simul
841 1759 939 1801 illud
983 1772 1096 1802 nunc
1133 1773 1292 1804 summe
1333 1763 1548 1817 probabile

154 1832 221 1887 fit,
251 1844 335 1875 non
363 1836 481 1875 recte
517 1830 783 1873 adversatum
827 1841 925 1873 esse
966 1829 1014 1872 H.
1051 1830 1274 1886 Sauppium
1313 1834 1547 1877 sententiae

153 1900 376 1958 Boeckhii‚
420 1900 497 1945 col.
538 1899 648 1944 XVII
683 1899 735 1943 ad
767 1899 999 1943 orationem
1040 1900 1218 1956 aliquam
1257 1901 1549 1947 hereditariam

156 1972 374 2015 accenseri
402 1970 672 2026 prohibentis.
727 1969 832 2011 Nam
862 1982 958 2012 cum
985 1970 1028 2011 in
1057 1977 1176 2025 parte
1207 1973 1406 2015 orationis
1436 1986 1548 2017 nunc

155 2046 324 2095 reperta
353 2040 556 2095 Euphemi
584 2040 691 2083 illius
719 2044 912 2084 recurrat
940 2040 1124 2096 mentio,
1164 2039 1217 2083 ad
1245 2038 1446 2085 Boeckhii
1475 2043 1547 2086 iu-

155 2109 306 2151 dicium
337 2121 488 2165 magna
518 2108 626 2151 facta
657 2113 723 2151 est
750 2109 1280 2162 probabilitatis-accessio.
1341 2111 1548 2154 Memine-

155 2179 284 2222 rimus
333 2178 460 2221 modo
472 2210 484 2234 ,
537 2178 858 2220 coacervavisse
899 2177 1138 2233 Lycurgum
1178 2179 1305 2222 multa
1346 2181 1549 2237 variaque

155 2248 328 2290 crimina
353 2248 397 2289 in
415 2259 511 2290 enm
529 2259 655 2303 quem
675 2258 795 2289 reum
811 2246 1018 2289 detulerat
1034 2247 1366 2303 Lycophronem.
1399 2250 1547 2300 Quan-

155 2328 279 2372 quam
306 2328 392 2372 quo
419 2316 588 2359 tandem
618 2315 785 2360 vinculo
813 2328 886 2361 res
908 2316 1111 2372 Euphemi
1131 2318 1230 2360 satis
1252 2319 1546 2362 tenebricosae

155 2399 249 2429 cum
265 2397 413 2430 caussa
442 2386 667 2441 colligatae
689 2386 844 2429 fuerint
867 2398 993 2429 nemo
1009 2386 1130 2428 facile
1161 2398 1210 2430 se
1233 2389 1401 2443 assequi
1415 2401 1544 2444 posse

155 2462 320 2513 speret,
349 2456 430 2500 nisi
457 2457 526 2500 cui
557 2456 744 2499 divinare
775 2467 951 2512 magnus
980 2455 1148 2501 donavit
1175 2455 1340 2513 Apollo.

242 2525 310 2580 IX,
340 2527 423 2571 col.
453 2526 494 2583 2,
529 2524 551 2567 1
596 2526 661 2584 τῇ
700 2524 1002 2583 κατηγορίᾳ
1037 2527 1299 2585 χρῆσθαι]
1338 2527 1545 2584 Sauppius

156 2595 400 2639 sententiam
428 2597 486 2640 ita
514 2595 606 2639 fere
634 2595 911 2650 redintegrat:
956 2592 1144 2653 ὥσπερ
1183 2597 1275 2642 καὶ
1304 2607 1423 2647 τοῖς
1450 2594 1544 2644 ἆν-

155 2664 393 2715 αιδίκοις
435 2666 777 2722 ἐπετρέψατε
804 2659 871 2715 ὥς
899 2663 1208 2722 ἐβούλοντο
1238 2667 1305 2724 τῇ
1340 2682 1439 2710 κατ.
1473 2681 1543 2726 χρ.

156 2733 384 2778 conferunt
410 2734 735 2779 Demosthenem
765 2738 869 2778 orat.
900 2734 954 2776 de
973 2746 1061 2778 cor.
1078 2734 1106 2777 2
1134 2735 1277 2780 τοῦτο
1293 2732 1360 2791 (vd
1375 2732 1545 2791 ὁμοίως
