1795 3218
655 216 1162 260 PRAEFATIO.
1557 226 1610 259 ‘nt

215 344 427 398 patientia
462 343 630 388 laboris
666 344 952 398 reprehendit
976 344 1115 387 verba
1142 345 1360 395 oratoris;
1396 344 1433 387 si
1459 343 1608 386 minus

215 428 310 481 ipsa
336 428 488 477 verba,
513 428 559 468 at
586 427 780 467 mentem
815 428 964 468 tamen
992 426 1257 480 exploravit.
1330 425 1452 468 Idem
1478 437 1611 480 prae-

216 511 282 551 ter
317 507 590 550 luculentum
622 506 906 560 prooemium
933 506 1103 548 addidit
1125 506 1440 549 annotationes
1465 506 1611 560 patrio

214 593 423 633 sannone
448 590 712 642 conceptas,
754 590 799 629 in
834 587 995 642 quibus
1034 588 1173 630 multa
1210 588 1340 631 docte
1375 588 1613 632 illustravit

215 669 498 724 iudicioque,
544 670 579 711 si
623 681 650 712 a
695 670 851 723 paucis
898 670 1010 712 locis
1057 670 1346 722 discesseris,
1398 682 1505 713 usus
1546 675 1612 714 est

216 754 339 794 recto
375 756 418 794 et
453 762 579 794 sano.
662 751 827 794 Verum
867 775 929 783 —
968 754 1010 794 et
1046 752 1145 806 quis
1192 752 1235 794 id
1281 752 1520 795 mirabitur
1564 753 1608 794 in

216 833 388 876 editore
436 833 637 888 principe
692 833 786 876 eius
832 834 961 886 libri,
1007 835 1133 877 cuius
1180 836 1352 878 litterae
1405 837 1609 890 singulae

214 920 452 973 apicesque
488 919 737 960 litterarum
780 928 917 970 saepe
965 922 1283 961 evanescentes
1333 931 1392 961 ex
1435 932 1608 974 papyro

211 997 473 1052 expiscandi
519 996 701 1039 suerunt
732 1008 879 1050 eoque
917 996 1142 1039 interdum
1174 998 1291 1040 male
1327 999 1517 1041 habito?
1541 1022 1609 1029 —-

211 1079 359 1134 primo
397 1078 544 1121 statim
580 1080 764 1121 contutu
797 1078 841 1119 in
878 1078 1009 1121 certis
1047 1079 1157 1121 locis
1196 1079 1425 1122 etiamtum
1461 1080 1607 1134 aegris

214 1163 257 1203 et
302 1160 684 1204 obhaerescebam
735 1162 779 1201 et
841 1159 1065 1202 medicina
1118 1160 1237 1203 ultro
1290 1161 1607 1204 succurrebat:

213 1242 373 1285 deinde
411 1254 501 1296 quo
538 1241 757 1284 curiosius
794 1244 1002 1295 repetens
1053 1242 1228 1294 singula
1274 1242 1498 1295 rimabar,
1550 1255 1606 1285 eo

209 1324 309 1377 plus
344 1323 612 1365 nascebatur
646 1321 934 1365 dubitationis
981 1323 1036 1364 de
1079 1323 1190 1365 locis
1227 1324 1303 1376 qui
1351 1336 1440 1366 non
1479 1325 1606 1367 vide-

213 1405 366 1446 rentur
398 1402 455 1445 ad
485 1402 781 1455 integritatem
816 1403 1013 1445 revocati
1053 1414 1152 1445 esse
1187 1403 1309 1446 haud
1330 1405 1498 1458 paucis,
1535 1406 1605 1447 in-

209 1483 554 1536 telligebamque
585 1481 714 1535 plura
748 1493 884 1536 quam
907 1482 963 1524 ab
990 1483 1118 1525 initio
1135 1483 1415 1526 credideram
1430 1486 1604 1539 agenda

210 1566 254 1606 et
288 1564 350 1605 in·
371 1563 518 1606 verbis
556 1562 807 1605 reficiendis
838 1566 882 1605 et
915 1563 961 1605 in
995 1564 1311 1618 explanatione
1346 1567 1603 1608 orationum

208 1647 378 1688 restare
409 1644 759 1688 successoribus.
842 1643 1113 1700 Quanquam
1156 1647 1347 1689 multum
1388 1649 1605 1702 praestitit

208 1727 428 1780 Babingto
464 1730 508 1768 et
542 1737 658 1779 quae
703 1726 761 1768 ab
808 1726 982 1769 editore
1029 1728 1231 1781 principe
1277 1730 1498 1782 postulari
1530 1732 1600 1772 vel

207 1809 265 1852 ab
300 1808 463 1862 iniquis
499 1807 761 1850 censoribus
788 1807 971 1861 possint.
1043 1807 1238 1851 Messe'm
1265 1808 1369 1851 fecit
1391 1809 1479 1863 ille,
1506 1811 1600 1864 spi-

207 1903 282 1935 cas
318 1891 469 1944 legere
503 1889 682 1944 reliquit
716 1889 828 1932 aliis.

313 1976 385 2019 Id·
405 1979 455 2019 ut
502 1987 589 2029 ego
640 1975 922 2030 potissimum
972 1978 1154 2018 strenue
1209 1972 1401 2019 conarer
1427 1977 1599 2020 ‘facere

207 2058 358 2113 plures
396 2069 468 2099 me
504 2060 547 2099 et
571 2056 729 2110 graves
756 2059 943 2100 caussae
970 2056 1256 2111 impulerunt.
1327 2057 1441 2102 Nam
1465 2070 1599 2113 prae-

205 2141 408 2193 terquam
444 2137 564 2192 quod
600 2137 864 2189 cernebam,
900 2136 1048 2179 studio
1076 2149 1182 2181 meo
1206 2139 1244 2181 si
1265 2137 1418 2182 miuus·
1444 2139 1597 2183 omnia

204 2220 374 2275 perfici,
410 2222 530 2263 certe
566 2219 844 2273 aliquantum
891 2219 1048 2273 profici
1093 2231 1259 2274 posse,
1308 2222 1516 2265 veniebat
1551 2223 1595 2264 in

201 2304 422 2354 mentem,
472 2300 905 2356 cantabrigiensium
948 2301 1273 2356 exemplarium
1308 2302 1593 2356 splendorem

201 2381 520 2441 impedimento
551 2385 665 2437 fore,
700 2396 791 2438 quo
827 2384 974 2426 minus
1001 2385 1047 2426 in
1071 2386 1313 2425 multorum
1336 2396 1391 2425 ex
1412 2387 1593 2428 nostra-

200 2466 316 2510 tibus
339 2446 622 2521 ‘Hyperiden
673 2463 728 2506 de
776 2463 890 2505 facie
934 2474 1208 2516 cognoscere
1259 2465 1593 2519 quamprimum

200 2549 482 2603 gestientium
544 2559 703 2592 manus
757 2547 1068 2602 pervenirent,
1123 2551 1278 2604 utpote
1330 2550 1589 2604 viventium,

198 2638 313 2690 quae
350 2646 448 2679 sors
483 2637 598 2680 solet
633 2641 731 2679 es'se
768 2634 1128 2690 philologorum,
1180 2636 1225 2678 in
1270 2624 1396 2679 curta
1436 2636 1588 2690 supel-

130 2748 132 2751 -
198 2723 346 2770 lectili.
417 2721 583 2774 Quidni
620 2726 729 2778 ergo
766 2732 865 2775 ego,
902 2722 973 2764 cui
1019 2721 1113 2765 fors
1161 2720 1342 2764 fortuna
1388 2722 1432 2764 in
1472 2719 1587 2765 Ger·

1142 2802 1201 2829 ³73*
