1795 3218
203 241 271 290 56
686 246 1067 292 SCHOLIA.

205 367 398 411 Isocratis
452 368 575 423 epist.
605 368 631 410 7
670 380 709 422 p.
744 367 831 411 422
871 371 987 414 ἔνιοι
1037 363 1175 413 οὐδὲν
1220 364 1330 412 ἄλλο
1379 370 1599 416 σκοποῦσι

206 434 329 494 πλήν
357 434 481 487 ὅπως
511 432 644 482 αὐτοί
675 432 724 482 θ’
755 434 817 489 ὥς
846 436 967 495 μετά
1003 437 1219 495 πλείστης
1249 433 1488 496 ἀσελγείας
1517 434 1602 483 τὸν

205 508 315 563 βίον
344 502 546 560 διάξουσι
577 508 692 551 τῶν
719 524 767 551 τε
799 507 1058 552 πολιτῶν
1086 503 1220 556 τούς
1254 505 1603 562 βελτίστους

209 593 234 620 κ
252 576 309 620 αὶ
341 576 525 622 πλουσ
539 593 634 622 ιωτ
648 574 674 621 οἱ
688 594 712 621 τ
726 592 822 626 ους
848 576 922 621 καὶ
942 573 1321 634 φρονιμωτάτους
1337 576 1603 633 λυμανοῦν-

207 663 283 689 ται
316 647 389 691 καὶ
421 644 993 704 δασμολογὴσουσιν.
1040 671 1098 679 -
1152 647 1273 690 Nunc
1300 652 1439 694 tamen
1468 658 1602 701 prope

205 716 342 758 malim
375 716 701 772 ἐκ[τημέ·νους,
732 729 829 758 cum
860 734 908 761 εκ
937 717 1095 772 liquido
1126 722 1326 772 appareat
1360 717 1403 759 in
1442 728 1603 772 papyro

208 787 307 828 etin
329 786 412 828 fine
436 798 635 829 versuum
664 785 830 828 litterae
851 786 1061 829 interdum
1087 786 1228 840 paullo
1249 786 1493 830 minutiores
1523 799 1605 830 ex-

207 860 402 910 arentur,
434 860 481 899 ut
509 866 595 898 non
625 854 856 898 verendum
884 855 958 911 sit,
1001 868 1056 898 ne
1085 857 1262 910 spatium
1291 853 1400 896 hanc
1429 853 1604 897 formam

208 938 296 968 non
326 927 472 980 capiat.
534 925 711 969 Accedit
741 926 854 980 quod
885 926 1013 968 ultimi
1052 938 1204 970 versus
1235 924 1491 981 singular-um
1522 936 1603 967 co-

208 996 441 1038 lumnarum
473 995 525 1038 ab
566 996 696 1039 altera
737 1001 856 1050 parte
899 995 1123 1050 paullulum
1165 1000 1465 1038 excrescentes
1507 994 1607 1049 plu-

209 1067 316 1107 rium
345 1066 575 1108 litterarum
603 1078 781 1119 capaces
810 1065 925 1117 fiunt.

301 1133 369 1190 17,
393 1134 420 1175 7
449 1129 526 1189 μή
557 1133 868 1191 περιίδητε
897 1128 1098 1189 αὐτὸν]
1128 1134 1256 1177 nolite
1279 1134 1496 1188 negligere
1516 1148 1608 1177 eum

209 1211 252 1247 et
279 1205 440 1246 iniuria
468 1204 609 1246 sinere
638 1203 768 1259 affici.
828 1203 1007 1247 Pel-raro
1040 1203 1259 1260 περιορᾶν
1287 1203 1330 1245 ἰη
1360 1202 1472 1247 hunc
1509 1216 1607 1264 1110-

213 1276 310 1318 dum
340 1274 454 1317 nullo
484 1274 700 1329 participio
732 1273 873 1316 addito
897 1278 1143 1328 usurpatur:
1175 1278 1425 1327 expectares
1455 1270 1606 1318 α’πολ-

210 1344 417 1400 λύμενον
435 1376 448 1395 ,
479 1341 799 1400 φθειρόμενον
828 1343 898 1385 vel
928 1343 1079 1397 aliquid
1109 1343 1205 1385 tale.

303 1412 372 1468 17,
407 1413 460 1454 19
493 1408 694 1460 αὐτοῖς
723 1408 1196 1468 ὑπηρετοῦντας]
1224 1410 1372 1465 scripsi
1394 1421 1487 1453 cum
1513 1409 1609 1453 edi—

214 1492 325 1528 tore.
401 1483 483 1526 Sed
524 1482 707 1524 fortasse
754 1480 926 1526 ἐνθάδε
968 1476 1137 1526 αὐτοῦ
1183 1481 1342 1524 rectius
1374 1481 1474 1534 erit,
1515 1492 1608 1520 cum

213 1549 371 1602 αϋτοῑς
402 1565 457 1595 ex
486 1552 774 1608 superioribus
815 1549 1235 1608 (συναγωνίζεσθαι
1282 1545 1450 1606 αὐτοῖς)
1489 1548 1610 1593 facile

214 1627 402 1667 iteretur.
1529 1632 1531 1634 ·

305 1693 374 1749 17,
403 1691 461 1736 22
492 1689 744 1749 τιμωρῇ]
777 1689 851 1734 cfr.
885 1689 936 1732 ad
968 1702 1005 1744 p.
1034 1688 1076 1745 6,
1111 1688 1178 1734 19.
