1795 3218
219 232 286 280 46
722 227 1152 285 scnoLiA.'

217 356 308 414 τὴν
338 353 613 415 α’πολογιάν,
640 358 679 401 h.
700 373 737 402 e.
767 361 981 415 surripere
1006 360 1302 414 defensionem.
1363 358 1453 402 Hoc
1475 365 1610 407 autem

216 428 313 470 loco
336 423 420 482 τὴν
442 429 508 477 εἰς
536 424 646 478 τούς
669 424 844 485 νόμους
873 425 1144 487 καταφυγὴν
1174 432 1233 474 ἐκ
1262 429 1365 484 τῆς
1395 422 1610 471 ἀπολο-

214 496 353 551 γίας
383 493 641 551 ἀφελέσθαι
673 495 1001 551 Εὐξενίππου,
1029 500 1070 542 h.
1105 513 1142 543 e.
1186 514 1242 542 ex
1272 497 1514 551 defensione
1544 499 1609 538 rei

216 567 383 619 tollere,
414 567 613 609 adimere.

305 655 346 711 6,
380 653 434 697 19
469 652 844 713 παρακελεύῃ]
877 662 919 700 et
951 669 989 712 p.
1003 658 1069 714 17,
1094 657 1153 700 22
1183 655 1361 713 τιμωρῇ
1405 654 1608 709 Babingto

216 726 329 768 malit
357 726 400 768 in
430 743 469 770 ει
500 726 734 782 terminari,
767 726 842 769 cfr.
874 728 926 769 ad
958 741 997 782 p.
1029 726 1098 783 24,
1129 726 1169 769 6.
1244 725 1385 769 Statim
1419 730 1514 779 post
1542 716 1611 779 μὴ

215 796 404 847 θέλειν,
432 787 569 849 paullo
608 800 704 837 ante
734 791 802 851 μή
840 797 1034 846 ἐθέλειν,
1078 801 1124 837 ut
1158 809 1196 850 p.
1230 794 1271 851 7,
1304 792 1359 835 10
1397 792 1609 849 ἐβούλου,

214 863 286 919 27,
321 862 375 906 10
406 860 628 920 ἠβούλου.
689 863 771 908 Sed
801 863 907 907 haec
938 876 1019 908 nos
1050 877 1136 908 non
1166 864 1451 908 morabuntur.

304 950 345 1005 6,
376 949 428 991 21
464 949 519 993 τί
546 948 749 995 τούτου
793 955 848 996 ἐν
886 952 956 1011 τῇ
1002 951 1159 997 πόλει
1203 953 1436 1011 βέλτιον
1476 948 1607 1003 κτλ.]

213 1019 372 1074 Lapsus
404 1025 470 1063 est
501 1026 646 1075 aperte
663 1021 856 1065 librarius
878 1019 1056 1067 τούτων
1078 1035 1156 1077 pro
1182 1017 1351 1067 τούτου
1372 1020 1609 1075 scribendo,

214 1088 344 1131 credo
390 1089 591 1132 seductus
621 1090 670 1131 iis
701 1102 810 1144 quae
842 1095 1075 1145 sequuntur
1121 1089 1304 1135 πολλῶν
1347 1090 1420 1135 καὶ
1463 1086 1610 1133 ἄλλων

214 1158 365 1201 καλῶν
396 1153 554 1201 ὄντων.
630 1158 835 1213 Ascripsit
870 1159 1075 1216 Babingto
1120 1161 1260 1203 locum
1300 1173 1354 1202 ex
1390 1165 1496 1202 orat.
1532 1171 1609 1213 pro

213 1226 419 1281 Lycophr.
454 1240 494 1282 p.
523 1227 593 1282 27,
626 1227 653 1269 3
696 1223 725 1271 θ’
755 1227 854 1272 ἐστι’
891 1245 939 1272 τι
980 1230 1073 1272 τῶν
1114 1231 1163 1273 ἐν
1206 1229 1263 1287 τῇ
1298 1227 1429 1272 πόλει
1474 1225 1609 1271 τού-

211 1312 323 1340 των
360 1295 725 1354 δημοτικώτερον
767 1297 854 1342 τοῦ
885 1292 995 1360 τούς
1024 1296 1311 1349 δυναμένους
1341 1299 1487 1341 εἰπεῖν
1518 1306 1610 1346 τοῖς

212 1362 460 1416 ἀδυνάτοις
501 1367 594 1411 τῶν
640 1367 882 1411 πολιτῶν
920 1365 1238 1413 κινδυνεύουσι
1285 1369 1516 1424 βοηθεῑνς
1546 1366 1606 1408 Ibi

216 1448 386 1490 quoque
432 1432 602 1480 τούτου
654 1436 770 1491 dedi,
823 1449 916 1478 cum
960 1436 1115 1479 frustra
1170 1430 1347 1479 τούτων
1394 1434 1612 1479 defendas.

211 1505 415 1560 Babingto
456 1505 499 1545 in
538 1507 807 1549 annotatione
861 1518 964 1549 casu
1012 1506 1185 1549 hauscio
1234 1517 1287 1547 an
1322 1505 1376 1547 de
1409 1504 1609 1549 industria

212 1572 394 1621 τούτων
424 1574 573 1617 omisit.

304 1661 345 1719 7,
375 1662 403 1706 3
435 1660 657 1721 τοιούτῳ
688 1657 992 1721 πράγματι
1045 1657 1110 1706 οὕ
1156 1661 1452 1723 κέχρησαι]
1495 1658 1611 1722 ,,ου’χ

213 1731 336 1780 οὕτω
376 1732 828 1791 πεπραγμάτευσαι“
873 1734 1096 1788 Babinqto.
1179 1733 1375 1775 Ceterum
1418 1732 1610 1791 τοιούτῳ

213 1800 454 1859 πράγματι
495 1804 703 1862 χρῆσθαι
752 1803 920 1847 redolet
957 1803 1178 1859 plebeium,
1196 1814 1446 1859 sermonem,
1487 1815 1611 1857 quem

214 1873 266 1914 ad
313 1873 570 1915 irridendum
619 1874 889 1929 Polyeuctum
929 1874 1095 1917 videtur
1137 1872 1370 1928 Hyperides
1419 1873 1609 1915 consulto

213 1942 396 1985 imitatus
440 1954 551 1986 esse.

303 2026 344 2082 7,
374 2026 402 2068 4
431 2022 814 2083 Ἀλεξάνδρου
852 2027 955 2071 τοῦ
997 2030 1051 2078 ἐξ
1094 2026 1252 2077 Οἴου]
1285 2026 1496 2081 Scriptura
1527 2038 1611 2069 non

214 2108 392 2151 prorsus
424 2102 561 2151 certa,
592 2097 668 2140 sed
699 2102 820 2139 acute
850 2109 905 2139 ex
934 2096 1265 2140 correctionibus
1296 2097 1451 2140 librarii
1476 2110 1500 2140 a
1522 2097 1609 2140 Ba-

214 2167 419 2221 bingtone
451 2172 583 2209 eruta.
645 2167 709 2209 De
740 2166 906 2209 homine
937 2178 1021 2209 non
1050 2167 1184 2222 magis
1215 2171 1380 2209 constat
1404 2179 1527 2220 quam
1556 2166 1609 2207 de

216 2249 381 2279 caussa.

301 2321 342 2377 7,
374 2320 400 2363 5
435 2319 569 2366 δέκα
601 2317 938 2376 συνηγόρους
966 2323 1020 2364 ἐκ
1062 2320 1165 2374 τῆς
1206 2318 1482 2377 Αἰγηίδος
1513 2334 1610 2374 φυ-

210 2390 335 2448 λῆς]
381 2391 616 2447 Hyperides
670 2389 918 2446 Collytensis
986 2391 1119 2435 tribus
1167 2390 1368 2447 Aegeidis
1428 2390 1526 2445 fuit,
1568 2404 1605 2432 v.

214 2460 435 2516 Kiessling.
467 2461 649 2516 Lycurg.
686 2473 725 2515 p.
767 2459 864 2503 157.
929 2456 1220 2518 Συνηγόρους
1249 2460 1504 2503 contribules
1533 2461 1610 2503 sibi

217 2536 420 2585 expetere
450 2531 615 2573 videtur
646 2531 907 2574 consuetudo
946 2530 1103 2587 fuisse,
1140 2531 1216 2574 cfr.
1254 2529 1515 2573 Andocidem
1554 2531 1607 2574 de

213 2606 384 2657 myster.
419 2598 502 2643 150
533 2600 666 2658 δεῦρο
690 2598 891 2654 ”Λνυτε,
926 2601 1127 2657 Κέφαλε,
1157 2606 1225 2646 ἔτι
1260 2600 1309 2644 δὲ
1341 2600 1414 2645 καὶ
1446 2604 1490 2645 οἱ
1518 2617 1608 2657 φυ-

212 2673 338 2716 λέται
363 2674 408 2715 οἱ
433 2667 658 2782 ᾐρίῃιένοι
690 2687 772 2727 μοι
804 2670 1049 2723 συνδικεῖν,
1081 2671 1154 2713 cfr.
1188 2670 1411 2713 Hermanni
1439 2669 1608 2724 Antiqq.

215 2741 324 2794 publ.
361 2739 458 2797 142,
521 2740 559 2783 4.
