1795 3218
676 199 1067 246 SCHOLIA.
1500 196 1568 244 55

177 322 426 380 standpunct
450 321 600 378 wahlt,
633 321 715 371 wie
743 323 813 366 bei
841 322 993 369 Herod.
1015 321 1158 379 3,116
1185 319 1315 372 ἐντός
1343 317 1572 381 άπέργον-

172 412 254 440 ται
284 395 434 440 heisst:
464 396 528 439 sie
558 394 786 439 schliessen
811 395 990 450 jenseits
1019 406 1104 436 von
1132 405 1210 436 uns
1242 393 1474 436 betrachtet
1503 395 1569 450 ab,

179 465 282 509 aber
312 464 517 511 diesseits,
535 475 620 507 von
653 463 734 507 den
764 464 940 507 laudern
968 475 1058 520 aus,
1088 462 1251 505 welche
1271 461 1567 507 abschliessen.

178 535 394 583 So-heisst
424 534 512 577 also
540 534 925 589 ἐπικατατὲμνειν
961 530 1092 580 ἐντὸς
1132 532 1223 576 τῶν
1251 532 1430 587 μέτρων
1463 534 1567 586 jen-

178 607 279 649 seits
309 605 386 647 der
416 605 597 660 eigenen
628 607 817 659 granzen
854 602 1079 657 schiirfen,
1118 602 1222 644 aber
1262 602 1453 646 diesseits
1493 603 1569 645 der

176 679 364 728 granzen
393 675 434 717 in
468 674 607 728 bezug
646 673 722 716 aus
753 673 991 729 dieJenigen
1035 673 1168 715 deren
1213 673 1356 728 gebiet
1393 673 1569 716 verlelzt

176 743 320 787 wird,“
382 742 497 787 Haec
525 742 700 798 pulchre
730 743 949 787 confirmat
973 742 1218 798 Hyperides.
1398 797 1403 801 ¹

263 811 330 869 16,
362 811 383 856 1
417 808 550 869 ἡργά
564 812 707 868 ζετο]
755 812 819 854 De
862 816 1085 867 augmento
1127 823 1214 855 non
1252 812 1416 868 vulgari
1457 811 1566 854 Cra-

171 883 275 925 meri
303 882 412 926 Ann.
444 882 578 926 Oxon.
609 882 674 938 lv,
703 882 803 937 412,
834 882 892 924 22
921 880 1030 937 (coll.
1065 883 1162 938 179,
1194 882 1234 939 5)
1264 880 1569 940 Ἐργάζομαι,

174 953 465 1011 εἰργαζόμην,
495 951 612 1009 ὅπερ
642 954 716 997 καὶ
746 952 1020 1008 διφορεῑται·
1073 956 1197 1004 τινὲς
1235 956 1325 1010 μὲν
1365 949 1455 1010 γάρ
1494 949 1569 997 διά

172 1022 253 1078 τῆς
276 1026 329 1066 ἒῐ
353 1019 612 1078 διφθὸγγου
640 1017 898 1077 γράφουσιν
927 1018 1069 1073 αὐτό,
1099 1025 1222 1071 τινὲς
1252 1023 1303 1066 δὲ
1327 1018 1400 1065 διά
1429 1023 1513 1065 τοῦ
1529 1026 1571 1076 ἢ.

174 1091 234 1134 Ita
263 1092 307 1133 in
340 1091 487 1137 Atticis
526 1090 652 1133 titulis
683 1089 726 1131 C.
754 1089 904 1132 Inscrr.
936 1089 972 1145 I,
1007 1089 1103 1147 162,
1137 1091 1165 1133 7
1203 1086 1436 1147 ἠργάζετο,
1478 1089 1566 1133 456

178 1153 471 1217 ἐξηργῆσατο,
503 1166 544 1203 et
571 1161 613 1202 in
634 1159 864 1214 Smyrnaeo
887 1158 1003 1201 3270
1021 1155 1322 1217 ἧργασμένος.
1364 1160 1453 1203 Νοο
1467 1173 1567 1203 raro

175 1229 231 1272 ita
261 1228 354 1271 libri
384 1230 638 1273 vetustiores
668 1228 941 1284 scriptorum,
973 1229 1098 1271 veluti
1130 1229 1239 1284 apud
1268 1229 1484 1273 Demosth.
1515 1230 1568 1272 de

174 1311 262 1342 cor.
295 1298 382 1343 218
411 1311 450 1354 p.
482 1297 573 1342 301-
598 1293 899 1355 ἀπηργάσατο
930 1298 1071 1341 codex
1104 1300 1164 1351 Σ,
1204 1312 1243 1343 v.
1286 1299 1473 1343 Dindorf.
1513 1300 1565 1341 ad

170 1369 381 1423 Aristoph.
413 1370 517 1424 qu.
550 1366 660 1410 1221
695 1371 737 1408 et
766 1368 808 1408 in
838 1368 960 1410 Thes.
990 1369 1129 1423 Steph.
1168 1381 1202 1411 s.
1234 1383 1273 1411 v.

260 1435 327 1493 16,
358 1436 385 1479 3
412 1435 438 1482 ὁ
468 1437 528 1482 δὲ
559 1433 903 1492 Λύσανδρος
945 1434 1305 1498 ΰπισχνεῑτο]
1343 1439 1566 1494 Expectari

172 1509 312 1563 potius
341 1512 438 1562 post
469 1502 705 1562 φήναντος
736 1506 814 1567 καὶ,
842 1501 1239 1566 ὑπισχνουμένου,
1283 1512 1327 1552 οἱ
1357 1510 1565 1554 δικασταὶ

173 1577 297 1636 ὅμως
330 1608 341 1619 .
373 1608 383 1619 .
417 1606 428 1618 .
463 1607 473 1619 .
504 1576 793 1619 animadvertit
821 1576 1039 1633 Babingto.
1110 1577 1308 1621 Nimirum
1338 1580 1428 1634 ipse
1459 1590 1563 1621 cur-

174 1660 247 1691 sus
278 1646 481 1689 orationis
512 1646 759 1701 scriptorem
789 1646 976 1689 invitavit
1006 1647 1057 1689 ad
1087 1648 1318 1690 membrum
1347 1648 1447 1689 illud
1475 1646 1499 1692 ὁ
1517 1647 1564 1692 δὲ

173 1714 448 1771 Λύσανδρος
476 1710 741 1773 ΰπιοχνεῑτο
771 1716 1039 1759 inserendum
1080 1724 1122 1760 et
1151 1717 1437 1771 superioribus
1481 1729 1563 1770 op-

172 1784 422 1840 ponendum.
502 1784 594 1833 Quo
635 1784 766 1826 semel
804 1785 987 1828 admisso
1035 1781 1130 1829 ἀλλ’
1172 1784 1295 1841 ὅμως
1345 1788 1387 1827 in
1422 1786 1562 1828 fronte

170 1854 367 1909 apodosis
410 1853 551 1908 posuit
581 1853 634 1895 ad
663 1853 839 1896 verbum
868 1854 1024 1898 finitum
1055 1852 1317 1913 ὑπισχνεῖτο
1349 1867 1561 1899 reversus.

261 1930 329 1989 16,
359 1930 387 1973 9
450 1926 593 1976 αὐτῶ
606 1931 650 1986 ν]
682 1932 772 1977 τῶν
801 1929 1089 1991 μετεχόντων
1123 1932 1210 1976 τοῦ
1237 1931 1482 1988 μετάλλου.

262 2008 330 2057 16,
365 2008 414 2050 11
450 2011 508 2051 αἱ
548 2009 947 2065 καινοτομίαι]
990 2010 1136 2051 Pollux
1177 2009 1217 2064 7,
1248 2007 1305 2050 98
1349 2025 1562 2054 καινοτο-

166 2078 274 2134 μίαι
304 2075 557 2134 μετάλλων.
611 2077 725 2119 Idem
758 2090 782 2119 a
812 2078 1071 2134 Babingtone
1103 2079 1249 2122 allatus
1282 2078 1324 2134 3,
1354 2078 1411 2121 87
1459 2082 1561 2123 ἐπι-

170 2147 492 2202 κατατὲμνειν,
522 2155 834 2198 καινοτομεῖν,
863 2149 1154 2202 καινοτομία.
1213 2147 1334 2190 Adde
1347 2148 1559 2198 Phot.s.v‚

173 2223 487 2272 καινοτομεῖν·
532 2211 699 2269 καινὴν
730 2215 961 2272 λατομίαν
1002 2216 1207 2271 τέμνειν,
1247 2217 1419 2275 κυρίως.
1480 2217 1560 2258 Cfr.

168 2287 348 2331 Boeckh.
380 2286 431 2328 ad
472 2285 753 2342 C.1nscrr.l,
791 2300 831 2342 p.
863 2285 985 2330 28812.
1044 2287 1096 2331 Et
1137 2289 1191 2330 ita
1230 2288 1464 2342 Xenophon
1507 2287 1559 2329 de

167 2357 361 2413 vectigal.
392 2355 432 2411 4,
464 2356 521 2397 27
551 2356 626 2399 καὶ
657 2351 759 2413 μὴν
805 2366 1100 2413 καινοτομεῖν
1138 2374 1191 2413 γε
1233 2354 1371 2402 οὐδὲν
1416 2349 1559 2413 ἦττον

168 2432 312 2480 ἔξεστι
343 2426 430 2471 νῦν
459 2420 490 2480 ἢ
519 2423 757 2480 πρότερον.

258 2500 398 2558 16,15
433 2497 998 2556 δασμολογὴσαντες
1028 2500 1437 2560 τούςέχοντας]
1469 2502 1556 2545 Etsi

166 2569 276 2620 τούς
306 2589 353 2616 εκ
384 2572 547 2614 litterae
591 2569 633 2611 in
672 2581 832 2624 papyro
864 2570 1083 2615 manifesto
1116 2577 1378 2627 comparent,
1419 2577 1554 2614 tamen

166 2637 275 2691 τούς
304 2644 516 2700 ἔχοντας,
545 2640 714 2695 divites,
745 2639 942 2684 sufficere
972 2653 1058 2684 non
1089 2642 1291 2684 dubitavi:
1320 2658 1347 2700 χ
1380 2641 1488 2683 enim
1513 2646 1555 2683 et

164 2729 189 2755 κ
216 2710 437 2766 persimilia
468 2716 565 2753 sunt
594 2711 636 2752 in
666 2709 772 2752 libro
802 2716 962 2755 vetere.
1023 2711 1089 2754 Ad
1120 2709 1365 2755 sententiam
1403 2709 1553 2753 confer
